ProductID,Date,Zip,Units,Revenue,Country
202,5/29/2014,T6T,1,1443.6975,Canada
2122,6/3/2014,T6G,1,997.4475,Canada
927,6/4/2014,R2G,1,603.225,Canada
2224,8/18/2014,R3G,1,60.3225,Canada
443,8/18/2014,R3G,1,923.7375,Canada
548,8/14/2014,M4V,1,519.6975,Canada
426,8/4/2014,M4E,1,976.4475,Canada
506,10/24/2014,L5N,1,1296.6975,Canada
760,10/26/2014,R3G,1,165.3225,Canada
761,9/3/2014,L5N,1,191.5725,Canada
762,9/3/2014,L5N,1,191.5725,Canada
636,9/4/2014,M5X,1,881.9475,Canada
2055,9/4/2014,M6H,1,656.1975,Canada
2359,8/29/2014,R3V,1,477.6975,Canada
2368,8/29/2014,R3X,1,734.475,Canada
2412,8/29/2014,M4P,1,102.3225,Canada
1009,8/5/2014,L5T,1,107.5725,Canada
734,8/5/2014,L5T,1,377.9475,Canada
1722,8/5/2014,K1A,1,86.5725,Canada
2396,8/5/2014,R3T,1,115.4475,Canada
733,8/5/2014,L5T,1,377.9475,Canada
443,10/26/2014,M5X,1,923.7375,Canada
1212,6/1/2015,L5N,1,404.1975,Canada
1821,6/1/2015,L5R,1,314.9475,Canada
1223,6/1/2015,M4K,1,398.9475,Canada
1850,6/1/2015,L5L,1,152.1975,Canada
993,5/28/2015,R3V,1,383.1975,Canada
1243,5/28/2015,R3V,1,482.895,Canada
2350,5/28/2015,L5G,1,372.225,Canada
1530,5/28/2015,M6G,1,419.895,Canada
2240,5/28/2015,M4P,1,89.1975,Canada
2365,5/28/2015,R3G,1,529.725,Canada
2206,5/29/2015,R3V,1,102.3225,Canada
2219,5/29/2015,M6S,1,157.4475,Canada
993,5/29/2015,R3B,1,367.4475,Canada
2275,5/29/2015,M6S,1,393.6975,Canada
2343,5/29/2015,M5X,1,513.975,Canada
491,5/29/2015,M5X,1,892.4475,Canada
690,5/25/2015,M4E,1,367.4475,Canada
690,5/25/2015,M4N,1,367.4475,Canada
407,10/26/2014,M7Y,1,1708.8225,Canada
2058,10/26/2014,M4Y,1,272.9475,Canada
759,10/26/2014,R3G,1,165.3225,Canada
2368,10/26/2014,L5N,1,723.975,Canada
1142,10/26/2014,L5N,1,677.1975,Canada
945,9/4/2014,R3G,1,682.4475,Canada
690,9/5/2014,K1H,1,367.4475,Canada
793,9/5/2014,R3G,1,89.1975,Canada
2385,9/5/2014,M7Y,1,797.475,Canada
794,9/5/2014,R3G,1,89.1975,Canada
604,9/5/2014,L5N,1,524.9475,Canada
2224,8/29/2014,M4E,1,62.9475,Canada
2395,8/29/2014,M4M,1,157.4475,Canada
2384,8/29/2014,R3X,1,664.0725,Canada
2396,8/29/2014,M4P,1,115.4475,Canada
1697,8/26/2014,L4X,1,236.1975,Canada
1819,10/1/2014,M7Y,1,278.1975,Canada
615,10/2/2014,M4Y,1,682.4475,Canada
1182,10/2/2014,L5R,1,209.9475,Canada
438,10/2/2014,L5R,1,997.4475,Canada
1022,10/2/2014,L5R,1,157.4475,Canada
690,10/2/2014,M4Y,1,367.4475,Canada
615,10/3/2014,M4Y,1,682.4475,Canada
927,10/3/2014,L5R,1,503.9475,Canada
440,10/27/2014,M4Y,1,1627.4475,Canada
2269,10/27/2014,L5P,1,349.0725,Canada
636,9/27/2014,R3G,1,926.5725,Canada
548,9/27/2014,R3G,1,519.6975,Canada
1180,9/28/2014,L5P,1,514.4475,Canada
487,9/8/2014,M7Y,1,1102.4475,Canada
491,9/8/2014,L5N,1,944.9475,Canada
2376,9/8/2014,L5P,1,740.1975,Canada
487,9/8/2014,M6H,1,1102.4475,Canada
556,10/6/2014,L5G,1,855.6975,Canada
1320,10/6/2014,K2P,1,351.645,Canada
1507,10/7/2014,R3G,1,94.395,Canada
2367,10/7/2014,M4V,1,471.975,Canada
1508,10/7/2014,R3G,1,94.395,Canada
1120,9/29/2014,R3R,1,194.1975,Canada
487,5/25/2015,L4X,1,1102.4475,Canada
2332,5/26/2015,M4E,1,493.4475,Canada
2405,5/26/2015,M7Y,1,425.1975,Canada
2367,5/26/2015,K1R,1,471.975,Canada
244,5/27/2015,L5N,1,629.7375,Canada
993,5/27/2015,R3G,1,383.1975,Canada
2197,9/16/2014,R3V,1,238.8225,Canada
2207,9/16/2014,M6P,1,102.3225,Canada
2385,9/16/2014,L5R,1,786.45,Canada
1987,9/16/2014,M5R,1,162.6975,Canada
2206,9/16/2014,M6P,1,102.3225,Canada
636,9/30/2014,M4Y,1,881.9475,Canada
907,9/30/2014,M4E,1,608.9475,Canada
1142,9/30/2014,R3V,1,677.1975,Canada
26,9/30/2014,M4Y,1,774.375,Canada
2332,9/30/2014,M5S,1,534.975,Canada
496,9/30/2014,M7Y,1,944.9475,Canada
967,10/8/2014,R3C,1,677.1975,Canada
556,10/9/2014,M4E,1,855.6975,Canada
556,10/9/2014,L5T,1,855.6975,Canada
2379,10/9/2014,H1B,1,194.1975,Canada
2391,10/9/2014,M6H,1,787.4475,Canada
2332,10/9/2014,L5P,1,534.975,Canada
907,9/29/2014,L4X,1,608.9475,Canada
3,10/29/2014,M7Y,1,879.375,Canada
2207,10/29/2014,L5R,1,102.3225,Canada
1722,10/29/2014,M6G,1,86.5725,Canada
2206,10/29/2014,L5R,1,102.3225,Canada
2280,9/16/2014,R3H,1,170.5725,Canada
1171,9/17/2014,M4V,1,356.9475,Canada
959,9/17/2014,L5J,1,842.5725,Canada
180,9/17/2014,K2P,1,800.625,Canada
648,9/17/2014,M6G,1,865.9875,Canada
487,9/17/2014,M4V,1,1102.4475,Canada
981,10/10/2014,R3B,1,178.4475,Canada
789,10/10/2014,R3V,1,225.6975,Canada
790,10/10/2014,R3V,1,225.6975,Canada
107,10/12/2014,R3M,1,552.3,Canada
438,10/12/2014,R2W,1,960.4875,Canada
2097,6/21/2015,R3G,1,488.1975,Canada
927,6/22/2015,M6G,1,514.4475,Canada
590,6/22/2015,L5P,1,892.4475,Canada
491,6/22/2015,R2W,1,892.4475,Canada
2359,6/22/2015,M4N,1,467.1975,Canada
969,5/5/2014,L5G,1,419.9475,Canada
1698,5/6/2014,K1R,1,146.9475,Canada
2361,5/6/2014,K1Y,1,650.475,Canada
208,5/6/2014,H1B,1,1472.5725,Canada
2341,5/7/2014,L5N,1,466.725,Canada
506,5/7/2014,M4X,1,1359.6975,Canada
2218,5/7/2014,M6S,1,172.725,Canada
2084,5/19/2014,L5H,1,750.6975,Canada
209,5/19/2014,M4V,1,1601.1975,Canada
2275,5/20/2014,M4X,1,445.725,Canada
908,5/20/2014,L5T,1,215.1975,Canada
1673,5/20/2014,L5P,1,866.1975,Canada
3,5/20/2014,M7Y,1,955.5,Canada
981,5/21/2014,R3H,1,219.975,Canada
1171,5/21/2014,R3G,1,393.6975,Canada
980,5/21/2014,L5N,1,419.9475,Canada
2363,5/22/2014,R3N,1,944.475,Canada
465,5/22/2014,K1R,1,1181.1975,Canada
945,5/22/2014,M4V,1,702.975,Canada
2366,5/22/2014,L5N,1,419.475,Canada
204,5/27/2014,H1B,1,782.1975,Canada
506,5/27/2014,M6G,1,1359.6975,Canada
2064,5/27/2014,M5R,1,656.1975,Canada
653,5/27/2014,R3G,1,918.6975,Canada
506,5/27/2014,M4V,1,1359.6975,Canada
2403,5/27/2014,R3V,1,135.975,Canada
506,5/28/2014,K1N,1,1359.6975,Canada
1879,5/28/2014,L5P,1,1076.1975,Canada
2355,5/28/2014,M4N,1,708.225,Canada
589,5/28/2014,K1H,1,892.4475,Canada
2197,5/28/2014,R2W,1,272.475,Canada
1171,5/31/2014,M5A,1,393.6975,Canada
449,5/31/2014,M4P,1,1070.9475,Canada
549,5/31/2014,L5N,1,564.3225,Canada
507,5/31/2014,M5L,1,2047.4475,Canada
902,5/31/2014,M5L,1,157.4475,Canada
2089,5/31/2014,L5N,1,787.4475,Canada
183,5/31/2014,L5R,1,795.375,Canada
461,5/31/2014,M7Y,1,1220.5725,Canada
506,5/31/2014,M5P,1,1359.6975,Canada
598,5/31/2014,R3G,1,971.1975,Canada
604,5/31/2014,H1B,1,559.0725,Canada
2218,6/7/2014,R3T,1,172.725,Canada
902,6/7/2014,R3G,1,157.4475,Canada
1177,6/9/2014,L5N,1,272.9475,Canada
449,6/20/2014,R3H,1,1070.9475,Canada
560,5/31/2014,R3S,1,700.8225,Canada
604,5/31/2014,M4E,1,559.0725,Canada
656,5/31/2014,M7Y,1,950.1975,Canada
2052,5/31/2014,L5P,1,766.4475,Canada
1722,6/3/2014,L5N,1,83.9475,Canada
656,6/3/2014,M4V,1,950.1975,Canada
2277,6/3/2014,R3L,1,330.225,Canada
902,6/21/2014,M7Y,1,157.4475,Canada
558,6/22/2014,R3T,1,1522.4475,Canada
690,6/23/2014,L5N,1,433.0725,Canada
1265,6/23/2014,K1A,1,866.1975,Canada
362,6/23/2014,L5R,1,734.7375,Canada
465,6/23/2014,H1B,1,1181.1975,Canada
1904,6/10/2014,H1B,1,682.4475,Canada
2395,6/10/2014,K1N,1,177.975,Canada
205,6/11/2014,K1N,1,1144.4475,Canada
208,6/11/2014,M6H,1,1472.5725,Canada
1727,6/12/2014,M7Y,1,839.475,Canada
2054,6/12/2014,R3N,1,729.6975,Canada
407,6/13/2014,M6H,1,1708.8225,Canada
465,6/13/2014,M7Y,1,1181.1975,Canada
555,6/13/2014,M7Y,1,929.1975,Canada
585,6/13/2014,H1B,1,419.9475,Canada
651,6/13/2014,R3C,1,834.6975,Canada
1113,6/13/2014,K2P,1,194.1975,Canada
2292,6/13/2014,R3R,1,718.725,Canada
506,6/13/2014,M5X,1,1359.6975,Canada
993,6/13/2014,H1B,1,432.6,Canada
826,6/13/2014,M5R,1,1259.475,Canada
1889,6/14/2014,L5R,1,656.1975,Canada
1871,6/14/2014,R3G,1,1049.9475,Canada
585,6/14/2014,M5R,1,419.9475,Canada
925,6/14/2014,L5N,1,330.6975,Canada
561,6/14/2014,L5N,1,745.4475,Canada
1028,6/14/2014,K1K,1,1102.4475,Canada
465,6/14/2014,R3V,1,1181.1975,Canada
451,6/14/2014,L5T,1,963.3225,Canada
465,6/14/2014,L5P,1,1181.1975,Canada
1488,6/16/2014,L5N,1,511.8225,Canada
2089,6/23/2014,K1R,1,787.4475,Canada
204,6/24/2014,M6H,1,860.9475,Canada
1140,6/24/2014,L5P,1,845.1975,Canada
1176,6/24/2014,K1H,1,614.1975,Canada
826,6/24/2014,M6G,1,1259.475,Canada
407,6/24/2014,M4R,1,1708.8225,Canada
829,6/24/2014,K1Y,1,330.6975,Canada
407,6/25/2014,R3V,1,1708.8225,Canada
449,6/25/2014,R3C,1,1070.9475,Canada
1053,6/25/2014,R3W,1,341.1975,Canada
941,6/25/2014,R3M,1,944.9475,Canada
834,6/25/2014,L5P,1,1102.4475,Canada
1177,6/25/2014,M4E,1,288.6975,Canada
1487,6/16/2014,L5N,1,511.8225,Canada
653,6/17/2014,L5T,1,918.6975,Canada
1879,6/17/2014,M8V,1,1102.4475,Canada
1896,6/17/2014,L4Y,1,734.9475,Canada
2369,6/17/2014,R3L,1,450.975,Canada
900,6/18/2014,L5P,1,304.4475,Canada
2366,6/18/2014,L5V,1,435.225,Canada
2144,6/19/2014,M6H,1,477.6975,Canada
1896,6/26/2014,M6H,1,734.9475,Canada
560,6/27/2014,M4Y,1,700.8225,Canada
465,6/27/2014,R2W,1,1181.1975,Canada
2054,6/27/2014,H1B,1,724.4475,Canada
668,6/27/2014,L5R,1,1412.1975,Canada
604,9/21/2014,L5N,1,524.9475,Canada
959,9/21/2014,M5L,1,863.5725,Canada
1062,9/21/2014,K1Y,1,146.9475,Canada
2207,10/14/2014,L5G,1,102.3225,Canada
2236,10/14/2014,R3G,1,183.6975,Canada
2236,10/14/2014,L5G,1,183.6975,Canada
2365,10/14/2014,L5N,1,529.725,Canada
1140,10/14/2014,H1B,1,755.9475,Canada
1714,6/22/2015,R3H,1,104.9475,Canada
942,4/8/2015,R3G,1,614.1975,Canada
1180,4/8/2015,L5G,1,514.4475,Canada
1517,4/8/2015,K1Z,1,230.895,Canada
674,4/5/2015,M5S,1,692.9475,Canada
1049,3/15/2015,R3G,1,257.1975,Canada
1129,3/15/2015,L5P,1,461.9475,Canada
615,11/15/2014,M6G,1,682.4475,Canada
793,11/16/2014,M5N,1,89.1975,Canada
2054,9/10/2014,L5P,1,603.6975,Canada
599,9/10/2014,R3H,1,886.9875,Canada
599,9/10/2014,L5N,1,886.9875,Canada
531,10/31/2014,L5G,1,629.7375,Canada
1974,10/31/2014,M4V,2,115.395,Canada
496,10/12/2014,M6H,1,944.9475,Canada
907,10/13/2014,H1B,1,608.9475,Canada
993,10/13/2014,R3M,1,367.4475,Canada
13,10/13/2014,M7Y,1,435.6975,Canada
43,10/13/2014,R3T,1,419.9475,Canada
2331,10/13/2014,R3T,1,655.725,Canada
2237,10/14/2014,R3G,1,183.6975,Canada
2365,10/14/2014,R3V,1,540.225,Canada
2237,10/14/2014,L5G,1,183.6975,Canada
763,11/16/2014,R3H,1,333.3225,Canada
794,11/16/2014,M5N,1,89.1975,Canada
764,11/16/2014,R3H,1,333.3225,Canada
633,11/17/2014,H1B,1,566.9475,Canada
1086,11/17/2014,K1R,1,102.3225,Canada
2045,11/17/2014,R3W,1,514.4475,Canada
491,11/17/2014,R3E,1,944.9475,Canada
1085,11/17/2014,K1R,1,102.3225,Canada
826,11/17/2014,M7Y,1,1102.4475,Canada
2091,10/31/2014,L5N,1,183.6975,Canada
778,10/31/2014,R3G,1,125.9475,Canada
907,10/31/2014,H1B,1,608.9475,Canada
1975,10/31/2014,M4V,2,115.395,Canada
2207,10/31/2014,M4R,1,102.3225,Canada
457,10/28/2014,L5R,1,997.4475,Canada
808,10/28/2014,R3G,1,377.9475,Canada
3,10/28/2014,L5B,1,879.375,Canada
808,9/19/2014,R3G,1,377.9475,Canada
2197,9/19/2014,M5P,2,477.645,Canada
2069,3/16/2015,K1R,1,524.9475,Canada
585,3/23/2015,M6H,1,419.9475,Canada
1137,3/23/2015,M6S,1,745.4475,Canada
2384,3/23/2015,M5X,1,664.0725,Canada
690,3/23/2015,M6H,1,367.4475,Canada
1958,3/23/2015,M4X,1,78.6975,Canada
491,3/24/2015,R3H,1,892.4475,Canada
1722,4/6/2015,H1B,2,173.145,Canada
959,4/6/2015,M4P,1,863.5725,Canada
2143,4/6/2015,M7Y,1,440.9475,Canada
2150,4/6/2015,R3G,1,514.4475,Canada
1060,4/30/2015,R3N,1,157.4475,Canada
2215,4/30/2015,R3B,1,393.6975,Canada
2099,4/30/2015,L5N,1,430.4475,Canada
487,4/30/2015,M6H,1,1102.4475,Canada
690,1/31/2015,L5G,1,367.4475,Canada
1077,2/1/2015,R3B,1,351.6975,Canada
1078,2/1/2015,R3B,1,351.6975,Canada
535,2/2/2015,L5G,1,540.4875,Canada
907,2/15/2015,M7Y,1,608.9475,Canada
491,2/15/2015,M7Y,1,892.4475,Canada
760,11/27/2014,L5N,1,165.3225,Canada
1715,11/27/2014,K1K,1,257.1975,Canada
2123,10/16/2014,M6G,1,650.9475,Canada
676,10/17/2014,R3V,1,761.1975,Canada
1000,10/17/2014,R3G,1,107.5725,Canada
2365,10/19/2014,L5N,1,529.725,Canada
1104,10/19/2014,L5G,1,141.6975,Canada
2269,10/19/2014,L5R,1,372.225,Canada
1182,10/19/2014,L5N,1,215.1975,Canada
1180,9/22/2014,M4E,1,524.9475,Canada
907,9/23/2014,R3G,1,656.1975,Canada
2055,9/23/2014,M6G,1,656.1975,Canada
2206,10/31/2014,M4R,1,102.3225,Canada
781,12/23/2014,M6H,1,110.1975,Canada
781,12/24/2014,M6G,1,110.1975,Canada
2225,11/27/2014,K1N,1,62.9475,Canada
1705,11/27/2014,R3G,1,146.9475,Canada
760,11/27/2014,L5T,1,165.3225,Canada
793,11/27/2014,L4Y,1,89.1975,Canada
759,11/27/2014,L5N,1,165.3225,Canada
794,11/27/2014,L5N,1,89.1975,Canada
487,11/28/2014,R3H,1,1102.4475,Canada
690,11/28/2014,M5P,1,367.4475,Canada
2219,11/28/2014,K1R,1,152.1975,Canada
438,11/28/2014,M4Y,1,960.4875,Canada
762,11/28/2014,R3G,1,191.5725,Canada
2269,11/28/2014,R3G,1,343.8225,Canada
2218,11/28/2014,K1R,1,152.1975,Canada
559,10/19/2014,K1H,1,629.9475,Canada
1103,10/19/2014,L5G,1,141.6975,Canada
1212,10/19/2014,L5N,1,404.1975,Canada
438,10/20/2014,M4Y,1,997.4475,Canada
826,10/20/2014,L5V,1,1102.4475,Canada
528,10/20/2014,R3G,1,603.4875,Canada
959,9/23/2014,M4E,1,863.5725,Canada
2145,9/23/2014,R3S,1,404.1975,Canada
2280,11/3/2014,R3G,1,170.5725,Canada
2361,11/3/2014,L5T,1,603.225,Canada
2055,12/24/2014,R2W,1,656.1975,Canada
778,12/24/2014,M6H,1,125.9475,Canada
778,11/30/2014,H1B,1,125.9475,Canada
1982,11/30/2014,M4Y,1,320.1975,Canada
794,11/30/2014,L5N,1,89.1975,Canada
781,12/16/2014,R3X,1,108.6225,Canada
791,12/16/2014,R3E,1,70.8225,Canada
907,2/5/2015,M6S,1,608.9475,Canada
978,2/5/2015,R3W,1,803.1975,Canada
2225,2/18/2015,L5N,1,60.3225,Canada
2224,2/18/2015,L5N,1,60.3225,Canada
1180,2/18/2015,L5T,1,514.4475,Canada
438,3/31/2015,R3K,1,997.4475,Canada
927,3/31/2015,M6H,1,514.4475,Canada
927,3/31/2015,M6S,1,514.4475,Canada
721,6/30/2014,L5N,1,167.9475,Canada
1171,6/30/2014,R3H,1,393.6975,Canada
1177,6/30/2014,L5N,1,262.4475,Canada
207,6/30/2014,L5P,1,1028.9475,Canada
598,6/30/2014,M6S,1,971.1975,Canada
927,6/30/2014,M4V,1,605.85,Canada
732,6/30/2014,R3V,1,146.9475,Canada
1908,6/30/2014,M6G,1,448.8225,Canada
2412,6/30/2014,L5R,1,120.225,Canada
1868,6/30/2014,R3V,1,1181.1975,Canada
132,6/30/2014,L5R,1,782.25,Canada
722,6/30/2014,L5N,1,167.9475,Canada
1013,6/30/2014,L5P,1,104.9475,Canada
1301,6/30/2014,H1B,1,519.6975,Canada
199,6/30/2014,L5P,1,1286.1975,Canada
465,6/30/2014,L5R,1,1181.1975,Canada
731,6/30/2014,R3V,1,146.9475,Canada
945,6/30/2014,L5N,1,702.975,Canada
690,3/14/2015,M5X,1,367.4475,Canada
1339,3/15/2015,L5R,1,288.645,Canada
487,3/15/2015,M7Y,1,1102.4475,Canada
556,3/15/2015,M6H,1,855.6975,Canada
1340,3/15/2015,L5R,1,288.645,Canada
1182,8/13/2014,L5R,1,215.1975,Canada
2331,8/13/2014,L5N,1,650.475,Canada
907,8/31/2014,L5G,1,629.9475,Canada
1182,8/31/2014,M4V,1,157.4475,Canada
2277,9/24/2014,M5S,1,304.4475,Canada
1989,9/24/2014,R3B,1,393.6975,Canada
907,9/24/2014,M6S,1,603.6975,Canada
1085,8/27/2014,R3P,1,91.8225,Canada
1508,8/27/2014,K2P,1,94.395,Canada
1995,9/1/2014,M5P,1,446.1975,Canada
506,9/1/2014,M4E,1,1296.6975,Canada
240,8/17/2014,M6S,1,460.6875,Canada
1009,8/17/2014,M4Y,1,112.8225,Canada
2396,8/13/2014,L5N,1,115.4475,Canada
978,8/14/2014,M4Y,1,782.1975,Canada
1140,8/14/2014,R3H,1,755.9475,Canada
808,8/14/2014,R3H,1,343.8225,Canada
927,8/14/2014,M4Y,1,503.9475,Canada
412,8/14/2014,M6H,1,1627.4475,Canada
438,9/24/2014,M4V,1,997.4475,Canada
496,9/25/2014,M6H,1,928.9875,Canada
2189,9/25/2014,M6J,1,309.6975,Canada
907,9/1/2014,R3H,1,608.9475,Canada
2365,9/1/2014,M5S,1,529.725,Canada
2036,9/1/2014,M5L,1,183.6975,Canada
907,3/15/2015,L5T,1,603.6975,Canada
506,1/30/2015,L5P,1,1296.6975,Canada
578,1/30/2015,L5N,1,787.4475,Canada
993,1/30/2015,R3V,1,367.4475,Canada
996,2/9/2015,R3E,1,719.1975,Canada
604,4/2/2015,L5H,1,524.9475,Canada
2055,4/2/2015,R3V,1,656.1975,Canada
1043,3/10/2015,R3G,1,362.1975,Canada
2369,3/10/2015,M4P,1,424.725,Canada
733,3/10/2015,R3B,1,398.9475,Canada
995,3/10/2015,M4V,1,598.4475,Canada
457,3/10/2015,M5X,1,997.4475,Canada
2331,3/23/2015,K1R,1,655.725,Canada
977,3/23/2015,K1H,1,524.9475,Canada
1191,3/23/2015,L5P,1,267.6975,Canada
2225,4/3/2015,L5N,1,60.3225,Canada
2224,4/3/2015,L5N,1,60.3225,Canada
1958,8/27/2014,M4V,1,78.6975,Canada
777,10/5/2014,L5T,1,125.9475,Canada
778,10/5/2014,L5T,1,125.9475,Canada
1142,10/5/2014,R3G,1,703.4475,Canada
1852,10/5/2014,M6G,1,173.1975,Canada
1182,10/6/2014,M6S,1,209.9475,Canada
2369,9/28/2014,L5G,1,414.225,Canada
2379,9/28/2014,M6J,1,194.1975,Canada
1495,9/28/2014,L5R,1,419.895,Canada
491,9/28/2014,M5X,1,944.9475,Canada
1496,9/28/2014,L5R,1,419.895,Canada
506,9/9/2014,L5N,1,1296.6975,Canada
1703,9/9/2014,M6P,1,107.5725,Canada
2350,9/30/2014,L5T,1,372.225,Canada
1319,10/6/2014,K2P,1,351.645,Canada
604,11/7/2014,K1N,1,524.9475,Canada
907,11/9/2014,M7Y,1,608.9475,Canada
1129,11/9/2014,L5N,1,461.9475,Canada
531,1/12/2015,M6G,1,629.7375,Canada
907,1/12/2015,L5R,1,608.9475,Canada
1714,1/13/2015,R3G,1,104.9475,Canada
794,12/30/2014,R3N,1,89.1975,Canada
791,12/30/2014,H3A,1,70.8225,Canada
792,12/30/2014,M4K,1,70.8225,Canada
491,12/30/2014,M4N,1,892.4475,Canada
2236,12/22/2014,R3E,1,194.1975,Canada
778,12/22/2014,R3N,1,125.9475,Canada
1958,12/22/2014,R3S,1,78.6975,Canada
1959,12/22/2014,R2V,1,78.6975,Canada
1959,12/31/2014,R3G,1,78.6975,Canada
793,12/31/2014,R3H,1,89.1975,Canada
2332,12/31/2014,M5S,1,534.975,Canada
794,12/31/2014,R3H,1,89.1975,Canada
779,11/10/2014,M6S,1,351.6975,Canada
781,11/10/2014,M5R,1,108.6225,Canada
2045,11/10/2014,M6S,1,514.4475,Canada
780,11/10/2014,M6S,1,351.6975,Canada
782,11/10/2014,M5R,1,108.6225,Canada
807,11/10/2014,M6S,1,220.4475,Canada
440,11/11/2014,M5R,1,1627.4475,Canada
457,1/14/2015,L5P,1,997.4475,Canada
405,1/14/2015,M4Y,1,1916.1975,Canada
487,1/15/2015,M5R,1,1102.4475,Canada
626,1/15/2015,H1G,1,1417.4475,Canada
808,1/16/2015,K1R,1,377.9475,Canada
1958,12/31/2014,R3G,1,78.6975,Canada
506,3/31/2015,L5N,1,1296.6975,Canada
517,3/31/2015,M6H,1,682.2375,Canada
927,3/31/2015,L5N,1,514.4475,Canada
996,3/31/2015,M4E,1,719.1975,Canada
736,4/9/2015,M6H,1,388.4475,Canada
438,4/9/2015,R3H,1,997.4475,Canada
636,4/9/2015,M7Y,1,881.9475,Canada
1530,4/9/2015,M5R,1,419.895,Canada
735,4/9/2015,M6H,1,388.4475,Canada
2224,3/17/2015,L5P,1,60.3225,Canada
2206,10/14/2014,L5G,1,102.3225,Canada
907,10/15/2014,K1N,1,608.9475,Canada
2332,11/17/2014,R3H,1,534.975,Canada
2090,11/18/2014,M6H,1,383.1975,Canada
609,11/18/2014,R3G,1,839.9475,Canada
609,11/18/2014,M4V,1,839.9475,Canada
1213,11/18/2014,K1A,1,519.6975,Canada
548,11/18/2014,M5R,1,519.6975,Canada
793,11/19/2014,M7Y,2,178.395,Canada
947,11/19/2014,L5P,1,708.6975,Canada
491,11/19/2014,M4V,1,892.4475,Canada
1707,11/19/2014,M6P,1,125.9475,Canada
2368,10/28/2014,M6H,1,760.725,Canada
1495,10/15/2014,L5N,1,419.895,Canada
993,10/15/2014,M4E,1,383.1975,Canada
1496,10/15/2014,L5N,1,419.895,Canada
523,10/16/2014,L5R,1,550.9875,Canada
2396,10/16/2014,R3G,1,115.4475,Canada
2077,10/16/2014,L5G,1,388.4475,Canada
1061,9/21/2014,K1Y,1,146.9475,Canada
1171,9/21/2014,L5P,1,356.9475,Canada
676,9/21/2014,H1H,1,761.1975,Canada
578,9/22/2014,R3V,1,787.4475,Canada
3,10/30/2014,M7Y,1,879.375,Canada
1884,10/30/2014,M6G,1,887.1975,Canada
907,10/30/2014,R3G,1,608.9475,Canada
2150,10/30/2014,R3V,1,514.4475,Canada
438,10/31/2014,M5R,1,997.4475,Canada
777,10/31/2014,R3G,1,125.9475,Canada
792,11/25/2014,L4X,1,70.8225,Canada
1009,11/25/2014,M4Y,1,112.8225,Canada
791,11/25/2014,L4X,1,70.8225,Canada
793,11/27/2014,L5N,1,89.1975,Canada
2224,11/27/2014,K1N,1,62.9475,Canada
759,11/27/2014,L5T,1,165.3225,Canada
794,11/27/2014,L4Y,1,89.1975,Canada
1703,11/27/2014,K1H,1,107.5725,Canada
438,4/28/2015,K1R,1,997.4475,Canada
945,4/28/2015,R3B,1,682.4475,Canada
910,4/28/2015,L5N,1,430.4475,Canada
945,4/28/2015,R3V,2,1364.895,Canada
826,4/28/2015,R3T,1,1202.1975,Canada
907,4/28/2015,R3T,1,629.9475,Canada
939,4/28/2015,R3T,1,367.4475,Canada
945,4/28/2015,R3T,1,682.4475,Canada
1019,4/28/2015,L4X,1,236.1975,Canada
579,3/16/2015,R3H,1,1328.1975,Canada
2254,12/24/2014,K1N,1,57.6975,Canada
794,12/24/2014,M5X,1,89.1975,Canada
760,4/6/2015,M7Y,1,165.3225,Canada
556,3/16/2015,R3G,1,855.6975,Canada
491,2/3/2015,M7Y,1,892.4475,Canada
407,2/3/2015,M6G,1,1708.8225,Canada
496,2/3/2015,L5V,1,928.9875,Canada
438,2/4/2015,L5P,1,997.4475,Canada
907,2/5/2015,L5G,1,608.9475,Canada
777,12/24/2014,M6H,1,125.9475,Canada
782,12/24/2014,M6G,1,110.1975,Canada
2255,12/24/2014,K1N,1,57.6975,Canada
793,12/24/2014,M5X,1,89.1975,Canada
2224,12/26/2014,R3Y,2,125.895,Canada
2239,12/26/2014,R3V,1,141.6975,Canada
2224,12/26/2014,R3T,1,68.1975,Canada
2254,12/26/2014,R3V,1,62.9475,Canada
2225,12/26/2014,R3T,1,68.1975,Canada
2255,12/26/2014,R3V,1,62.9475,Canada
2225,12/26/2014,R3Y,2,125.895,Canada
2389,11/28/2014,M5A,1,870.45,Canada
907,11/28/2014,L5N,1,608.9475,Canada
761,11/28/2014,R3G,1,191.5725,Canada
910,11/28/2014,L5N,1,430.4475,Canada
945,11/28/2014,K1R,1,682.4475,Canada
993,11/30/2014,M4Y,1,383.1975,Canada
1908,10/21/2014,R3G,1,393.6975,Canada
556,11/4/2014,M4V,1,855.6975,Canada
674,11/5/2014,R3V,1,692.9475,Canada
674,11/6/2014,L5N,1,682.4475,Canada
793,11/6/2014,M5R,1,89.1975,Canada
443,11/6/2014,R3H,1,923.7375,Canada
794,11/6/2014,M5R,1,89.1975,Canada
2238,12/26/2014,R3V,1,141.6975,Canada
650,12/27/2014,H1B,1,519.6975,Canada
781,12/28/2014,R3V,1,110.1975,Canada
438,12/28/2014,M6J,1,997.4475,Canada
759,12/28/2014,M4V,1,165.3225,Canada
760,12/28/2014,R3T,1,165.3225,Canada
792,12/28/2014,R3T,1,70.8225,Canada
793,12/28/2014,R3V,1,89.1975,Canada
531,12/28/2014,R3V,1,629.7375,Canada
778,12/28/2014,R3V,1,125.9475,Canada
791,12/28/2014,M4P,1,70.8225,Canada
793,12/28/2014,R3X,1,89.1975,Canada
793,12/28/2014,M4E,1,89.1975,Canada
2253,12/28/2014,L5G,1,136.4475,Canada
759,12/28/2014,R3T,1,165.3225,Canada
791,12/28/2014,R3H,1,70.8225,Canada
791,12/28/2014,R3T,1,70.8225,Canada
792,12/28/2014,R3V,1,70.8225,Canada
794,12/28/2014,R3T,2,178.395,Canada
2236,12/28/2014,L5G,1,181.0725,Canada
777,12/28/2014,R3V,1,125.9475,Canada
794,12/28/2014,M4E,1,89.1975,Canada
2218,11/30/2014,L5N,1,157.4475,Canada
2091,11/24/2014,K1R,1,183.6975,Canada
2086,11/24/2014,M5P,1,241.4475,Canada
2331,12/29/2014,R3E,1,614.1975,Canada
1134,1/8/2015,L5T,1,881.9475,Canada
26,1/8/2015,M5L,1,774.375,Canada
996,1/9/2015,R3H,1,719.1975,Canada
2361,1/9/2015,M4N,1,603.225,Canada
529,1/11/2015,R3V,1,472.4475,Canada
107,1/12/2015,M6H,1,572.5125,Canada
781,12/30/2014,M4N,1,108.6225,Canada
791,12/30/2014,M4K,1,70.8225,Canada
792,12/30/2014,H3A,1,70.8225,Canada
793,12/30/2014,R3N,1,89.1975,Canada
1999,12/30/2014,R3V,1,677.1975,Canada
782,12/30/2014,M4N,1,108.6225,Canada
2396,12/21/2014,R3H,1,115.4475,Canada
676,12/21/2014,M6H,1,761.1975,Canada
777,12/22/2014,R3N,1,125.9475,Canada
1889,4/1/2015,L4Y,1,724.4475,Canada
1518,4/8/2015,K1Z,1,230.895,Canada
735,3/28/2014,T5J,1,443.1,Canada
563,3/28/2014,T6V,1,829.4475,Canada
3,3/29/2014,T5B,1,955.5,Canada
809,3/29/2014,V7W,1,267.225,Canada
1118,3/29/2014,T6G,1,398.9475,Canada
1118,3/29/2014,V5Z,1,398.9475,Canada
2088,3/21/2014,V6R,1,587.9475,Canada
204,3/21/2014,T5K,1,782.1975,Canada
1179,3/21/2014,T6G,1,587.9475,Canada
939,3/22/2014,T2J,1,448.35,Canada
465,3/22/2014,T2S,1,1181.1975,Canada
465,3/22/2014,T2A,1,1181.1975,Canada
471,3/22/2014,T5V,1,958.0725,Canada
561,3/22/2014,T2C,1,745.4475,Canada
506,3/22/2014,V7Y,1,1359.6975,Canada
506,3/23/2014,T6J,1,1359.6975,Canada
1301,3/24/2014,V6J,1,509.1975,Canada
2163,3/24/2014,T5J,1,708.6975,Canada
465,3/25/2014,V6H,1,1181.1975,Canada
1060,3/25/2014,T5K,1,178.4475,Canada
1907,3/25/2014,V7J,1,853.0725,Canada
209,3/25/2014,T6H,1,1601.1975,Canada
722,3/25/2014,T6B,1,167.9475,Canada
1059,3/25/2014,T5K,1,178.4475,Canada
721,3/25/2014,T6B,1,167.9475,Canada
1115,3/25/2014,T6E,1,456.6975,Canada
2064,3/25/2014,V6R,1,640.4475,Canada
731,3/26/2014,V6S,1,146.9475,Canada
732,3/26/2014,V6S,1,146.9475,Canada
1867,3/26/2014,V5X,1,944.9475,Canada
1906,3/26/2014,T5K,1,761.1975,Canada
558,3/26/2014,T6E,1,1522.4475,Canada
1026,4/15/2014,T6R,1,181.0725,Canada
1868,4/15/2014,T6G,1,1181.1975,Canada
407,4/15/2014,V5W,1,1708.8225,Canada
584,4/15/2014,T6G,1,619.4475,Canada
585,4/16/2014,T6G,1,419.9475,Canada
1916,4/10/2014,V6H,1,341.1975,Canada
506,4/10/2014,T6V,1,1270.4475,Canada
2366,4/10/2014,V5Z,1,435.225,Canada
1879,4/10/2014,T5B,1,1102.4475,Canada
1909,4/11/2014,T6E,1,220.4475,Canada
1177,4/25/2014,T6E,1,272.9475,Canada
1177,4/25/2014,T3G,1,288.6975,Canada
449,4/25/2014,T6E,1,1070.9475,Canada
1026,4/25/2014,T2J,1,181.0725,Canada
2043,4/25/2014,T3G,1,766.4475,Canada
2286,4/25/2014,T6G,1,834.225,Canada
722,4/25/2014,V6T,1,167.9475,Canada
449,4/25/2014,T1Y,1,1039.4475,Canada
2379,4/25/2014,T5Y,1,214.725,Canada
465,4/25/2014,T6E,1,1181.1975,Canada
721,4/25/2014,V6T,1,167.9475,Canada
461,4/26/2014,T6G,1,1220.5725,Canada
465,4/26/2014,T5Z,1,1181.1975,Canada
465,4/26/2014,T2L,1,1181.1975,Canada
582,4/26/2014,T6T,1,356.9475,Canada
471,4/26/2014,T2J,1,958.0725,Canada
407,4/27/2014,T6V,1,1708.8225,Canada
616,4/27/2014,T3G,1,711.3225,Canada
506,4/27/2014,T2C,1,1359.6975,Canada
1889,4/28/2014,T6E,1,656.1975,Canada
465,4/28/2014,V7Y,1,1181.1975,Canada
506,4/28/2014,V6T,1,1359.6975,Canada
598,4/28/2014,T6E,1,939.6975,Canada
1171,4/28/2014,T6G,1,404.1975,Canada
1467,4/16/2014,T5L,1,454.0725,Canada
582,4/16/2014,T6T,6,2141.685,Canada
1468,4/16/2014,T5L,1,454.0725,Canada
555,4/17/2014,T2J,1,892.4475,Canada
945,4/17/2014,T5K,1,702.975,Canada
461,4/18/2014,T6G,1,1220.5725,Canada
1608,4/18/2014,V6T,1,459.3225,Canada
582,4/18/2014,T6T,2,713.895,Canada
1027,4/18/2014,T6E,1,1233.6975,Canada
465,4/19/2014,T5K,1,1181.1975,Canada
1027,4/19/2014,V6G,1,1233.6975,Canada
1175,4/24/2014,T2J,1,803.1975,Canada
2366,4/24/2014,V6J,1,435.225,Canada
2369,4/25/2014,T6S,1,445.725,Canada
860,4/25/2014,T6T,1,624.6975,Canada
711,5/10/2014,T2J,1,246.6975,Canada
449,5/10/2014,T6J,2,2141.895,Canada
963,4/29/2014,T5J,1,432.6,Canada
702,4/29/2014,T5H,1,351.225,Canada
585,4/29/2014,V5Y,1,419.9475,Canada
931,4/29/2014,V6M,1,341.1975,Canada
1607,4/29/2014,V5Y,1,435.6975,Canada
1908,4/29/2014,T6G,1,446.1975,Canada
1908,4/29/2014,T3G,1,435.6975,Canada
2084,4/29/2014,V6H,1,750.6975,Canada
2399,4/29/2014,T5K,1,135.975,Canada
719,4/30/2014,V6Z,1,104.9475,Canada
1879,4/30/2014,V7G,1,997.4475,Canada
397,4/30/2014,V6S,1,1496.1975,Canada
822,4/30/2014,T6V,1,446.1975,Canada
939,4/30/2014,V6Z,1,432.6,Canada
29,4/30/2014,V5X,1,524.475,Canada
1137,4/30/2014,V6T,1,834.6975,Canada
449,4/30/2014,V6A,1,1070.9475,Canada
908,4/30/2014,T2H,1,241.4475,Canada
1125,4/30/2014,T3G,1,997.4475,Canada
2368,5/25/2015,T6R,1,723.975,Canada
2369,5/25/2015,T6E,1,424.725,Canada
2055,5/31/2015,T6E,1,656.1975,Canada
793,6/1/2015,V5W,1,89.1975,Canada
1182,6/1/2015,T6G,1,225.6975,Canada
927,6/1/2015,V5Z,1,503.9475,Canada
993,6/1/2015,V6Z,1,367.4475,Canada
1145,9/2/2014,V6A,1,335.9475,Canada
443,9/2/2014,T5K,1,923.7375,Canada
2379,9/2/2014,R2C,1,194.1975,Canada
1001,8/18/2014,T1Y,1,430.4475,Canada
443,8/18/2014,T5W,1,923.7375,Canada
1009,8/18/2014,R2P,1,112.8225,Canada
443,8/18/2014,R2C,1,923.7375,Canada
907,9/25/2014,T6E,1,608.9475,Canada
1092,10/1/2014,V6A,1,175.8225,Canada
676,10/1/2014,V6M,1,761.1975,Canada
676,10/1/2014,V6S,1,761.1975,Canada
1091,10/1/2014,V6A,1,175.8225,Canada
12,10/1/2014,T3C,1,456.6975,Canada
968,10/26/2014,T5L,1,703.4475,Canada
762,9/3/2014,T6E,1,194.1975,Canada
761,9/3/2014,T6E,1,194.1975,Canada
993,9/4/2014,T5H,1,383.1975,Canada
826,8/19/2014,V6B,1,1044.6975,Canada
506,8/19/2014,V7W,1,1296.6975,Canada
819,8/29/2014,V6S,1,1228.4475,Canada
433,8/5/2014,V7Y,1,997.4475,Canada
440,8/5/2014,T6W,1,1627.4475,Canada
1180,6/1/2015,T5K,1,514.4475,Canada
1182,6/1/2015,T6E,1,209.9475,Canada
794,6/1/2015,V5W,1,89.1975,Canada
1391,5/28/2015,T2X,1,188.895,Canada
636,5/29/2015,V6J,1,926.5725,Canada
2332,5/29/2015,T6G,1,529.725,Canada
438,5/25/2015,R2G,1,997.4475,Canada
487,10/26/2014,V6T,1,1102.4475,Canada
690,10/26/2014,V6S,1,367.4475,Canada
578,10/26/2014,T5B,1,787.4475,Canada
604,10/26/2014,T5G,1,524.9475,Canada
907,10/26/2014,T6E,1,608.9475,Canada
907,10/26/2014,V6G,1,608.9475,Canada
531,10/26/2014,V6M,1,629.7375,Canada
2331,10/27/2014,T2J,1,655.725,Canada
2396,9/4/2014,V5Z,1,115.4475,Canada
959,9/4/2014,V7M,1,863.5725,Canada
578,9/5/2014,T6G,1,787.4475,Canada
487,9/8/2014,V6E,1,1102.4475,Canada
676,9/8/2014,V6H,1,761.1975,Canada
3,9/8/2014,T6C,1,879.375,Canada
1856,8/29/2014,T6E,1,110.1975,Canada
819,8/29/2014,T6E,1,1228.4475,Canada
585,8/29/2014,T3E,1,419.9475,Canada
690,8/29/2014,T5K,1,367.4475,Canada
790,8/29/2014,T2X,1,225.6975,Canada
2396,8/29/2014,T2C,1,115.4475,Canada
955,8/29/2014,T2X,1,813.6975,Canada
1182,8/26/2014,V6M,1,209.9475,Canada
496,10/2/2014,T6E,1,944.9475,Canada
443,10/2/2014,T3G,1,923.7375,Canada
636,10/2/2014,V5Z,1,926.5725,Canada
599,10/2/2014,T2C,1,886.9875,Canada
496,10/3/2014,T2E,1,944.9475,Canada
907,9/26/2014,T3C,1,608.9475,Canada
993,9/26/2014,T3G,1,383.1975,Canada
438,9/26/2014,V6Z,1,997.4475,Canada
603,9/28/2014,V6S,1,918.225,Canada
2099,9/8/2014,T5H,1,430.4475,Canada
1124,9/8/2014,V7Y,1,682.4475,Canada
229,9/8/2014,V5N,1,603.4875,Canada
1228,9/8/2014,T6E,1,146.9475,Canada
1482,9/8/2014,T1Y,1,440.895,Canada
438,9/8/2014,T5A,1,997.4475,Canada
1223,9/8/2014,V5T,1,398.9475,Canada
782,10/6/2014,T2Y,1,110.1975,Canada
2350,9/28/2014,T5Y,1,372.225,Canada
2402,9/28/2014,T6E,1,320.1975,Canada
2064,9/29/2014,T6G,1,556.4475,Canada
636,9/29/2014,T2C,1,881.9475,Canada
759,9/15/2014,T6E,1,157.4475,Canada
1364,9/15/2014,T2J,1,204.645,Canada
2269,9/15/2014,V5V,1,333.3225,Canada
1348,5/25/2015,T5B,1,346.395,Canada
394,5/25/2015,T6T,1,1640.5725,Canada
438,5/25/2015,T6P,1,997.4475,Canada
506,5/25/2015,T6G,1,1296.6975,Canada
443,5/26/2015,T6G,1,923.7375,Canada
1299,5/26/2015,V6H,1,540.645,Canada
2396,5/26/2015,T5J,1,120.225,Canada
2275,5/26/2015,V6J,1,372.6975,Canada
2371,5/26/2015,V6J,1,572.1975,Canada
1722,5/26/2015,T3G,1,86.5725,Canada
295,5/27/2015,V5M,1,1049.7375,Canada
2396,5/27/2015,V6S,1,115.4475,Canada
1180,6/21/2015,T5B,1,514.4475,Canada
438,9/16/2014,T6G,1,997.4475,Canada
2098,9/16/2014,T6E,1,325.4475,Canada
2206,9/16/2014,R2C,1,102.3225,Canada
794,9/16/2014,T6T,1,89.1975,Canada
438,9/16/2014,V7P,1,960.4875,Canada
2207,9/16/2014,R2C,1,102.3225,Canada
496,9/16/2014,T6E,1,928.9875,Canada
793,9/16/2014,T6T,1,89.1975,Canada
1077,9/30/2014,V7G,1,341.1975,Canada
1078,9/30/2014,T5K,1,351.6975,Canada
1085,9/30/2014,V6J,1,91.8225,Canada
1113,9/30/2014,T2X,1,167.9475,Canada
17,9/30/2014,V6J,1,402.675,Canada
615,9/30/2014,T5G,1,682.4475,Canada
2367,10/8/2014,R2K,1,471.975,Canada
478,10/9/2014,T2A,1,1417.4475,Canada
1180,10/9/2014,R2G,1,524.9475,Canada
405,10/9/2014,V6H,1,1916.1975,Canada
1909,10/9/2014,V6A,1,207.3225,Canada
1213,10/9/2014,T5K,1,509.1975,Canada
2412,9/29/2014,T6C,1,107.5725,Canada
1115,9/29/2014,T2H,1,422.5725,Canada
93,10/29/2014,T3R,1,1129.8,Canada
778,10/29/2014,T3G,2,251.895,Canada
659,9/16/2014,T6E,1,1469.9475,Canada
907,9/17/2014,T3G,1,608.9475,Canada
2090,9/17/2014,T2E,1,383.1975,Canada
1077,9/17/2014,R2G,1,351.6975,Canada
1078,9/17/2014,R2G,1,351.6975,Canada
1182,9/17/2014,T2J,1,209.9475,Canada
2055,9/9/2014,T3G,1,629.9475,Canada
604,9/30/2014,V5V,1,524.9475,Canada
808,9/30/2014,T6R,1,338.5725,Canada
1086,9/30/2014,V6J,1,91.8225,Canada
1120,9/30/2014,R2G,1,194.1975,Canada
1766,9/30/2014,T6E,1,734.9475,Canada
1920,9/30/2014,T6E,1,278.1975,Canada
734,9/30/2014,T6J,1,377.9475,Canada
2099,9/30/2014,T2S,1,430.4475,Canada
487,10/9/2014,V6J,1,1102.4475,Canada
1191,10/9/2014,T6E,1,288.6975,Canada
2359,10/10/2014,T6V,1,467.1975,Canada
567,10/10/2014,T1Y,1,876.6975,Canada
1140,10/12/2014,T3G,1,755.9475,Canada
1496,10/12/2014,T3R,1,419.895,Canada
794,6/22/2015,V6Z,1,89.1975,Canada
2218,6/22/2015,V6M,1,146.9475,Canada
781,6/22/2015,T5C,1,110.1975,Canada
993,6/22/2015,V6J,1,383.1975,Canada
1212,6/22/2015,T6E,1,438.3225,Canada
207,6/22/2015,T5B,1,986.9475,Canada
793,6/22/2015,V6Z,1,89.1975,Canada
782,6/22/2015,T5C,1,110.1975,Canada
2219,6/22/2015,V6M,1,146.9475,Canada
487,6/23/2015,V5X,1,1102.4475,Canada
2219,4/8/2015,V5N,1,152.1975,Canada
2412,4/8/2015,V6A,1,107.5725,Canada
560,5/22/2014,M6S,1,700.8225,Canada
1879,5/22/2014,R3G,1,1049.9475,Canada
1912,5/22/2014,L5N,1,377.4225,Canada
640,5/22/2014,L5K,1,824.1975,Canada
201,5/23/2014,K1K,1,1569.6975,Canada
2219,5/23/2014,R3V,1,172.725,Canada
507,5/23/2014,H1B,1,2047.4475,Canada
1177,5/23/2014,M5X,1,262.4475,Canada
2218,5/23/2014,R3V,1,172.725,Canada
791,5/24/2014,M6H,1,73.4475,Canada
1175,5/24/2014,L5N,1,771.6975,Canada
2207,5/24/2014,M6H,1,117.6,Canada
1175,5/24/2014,R3V,1,855.6975,Canada
2206,5/24/2014,M6H,1,117.6,Canada
792,5/24/2014,M6H,1,73.4475,Canada
506,5/25/2014,L5T,1,1359.6975,Canada
1028,5/26/2014,M6P,1,1102.4475,Canada
1879,5/26/2014,R3H,1,997.4475,Canada
585,5/15/2014,M7Y,1,419.9475,Canada
1901,5/15/2014,M4V,1,787.4475,Canada
465,5/16/2014,R3B,1,1181.1975,Canada
1043,5/17/2014,L5P,1,414.6975,Canada
465,5/17/2014,R3E,2,2362.395,Canada
963,5/17/2014,M4E,1,432.6,Canada
173,5/17/2014,M5P,1,1065.75,Canada
204,5/17/2014,R3S,1,955.4475,Canada
451,5/17/2014,L5N,1,963.3225,Canada
308,5/17/2014,M5R,1,1285.9875,Canada
826,5/17/2014,R3V,1,1259.475,Canada
1852,11/1/2014,L5N,1,173.1975,Canada
1344,5/24/2015,M7Y,1,367.395,Canada
491,5/24/2015,R3G,1,892.4475,Canada
1223,5/25/2015,L5P,1,398.9475,Canada
407,5/25/2015,R3H,1,1708.8225,Canada
792,11/21/2014,K2P,1,70.8225,Canada
438,11/23/2014,K1R,1,997.4475,Canada
781,11/23/2014,L5N,1,108.6225,Canada
636,11/23/2014,M5R,1,881.9475,Canada
1172,11/23/2014,L5N,1,472.4475,Canada
2336,11/23/2014,H1B,1,760.725,Canada
2369,11/23/2014,L5P,2,859.95,Canada
506,11/23/2014,K1N,1,1296.6975,Canada
782,11/23/2014,L5N,1,108.6225,Canada
1114,12/29/2014,R3G,1,183.6975,Canada
2225,12/29/2014,M4R,1,62.9475,Canada
2236,12/29/2014,M4P,1,183.6975,Canada
2239,12/29/2014,R3B,1,136.4475,Canada
2280,12/29/2014,M4R,1,165.3225,Canada
2395,12/29/2014,K1N,1,157.4475,Canada
2045,12/29/2014,M4V,1,493.4475,Canada
2206,12/29/2014,R3H,1,102.3225,Canada
2368,6/24/2015,M5X,1,723.975,Canada
2350,6/24/2015,R3H,1,372.225,Canada
545,6/24/2015,M5L,1,902.9475,Canada
926,6/24/2015,K1R,1,566.9475,Canada
2393,6/24/2015,L5R,2,225.1725,Canada
549,6/24/2015,M6S,1,551.1975,Canada
2354,6/25/2015,M4S,1,388.4475,Canada
407,6/25/2015,L5P,1,1708.8225,Canada
2045,6/25/2015,M6H,1,514.4475,Canada
599,6/25/2015,R3S,1,886.9875,Canada
1180,6/25/2015,L5N,1,524.9475,Canada
506,6/25/2015,R3A,1,1296.6975,Canada
1022,3/31/2015,R3X,1,157.4475,Canada
1077,3/31/2015,L5T,1,351.6975,Canada
1180,3/31/2015,M5R,1,514.4475,Canada
1183,3/31/2015,M4E,1,629.9475,Canada
1879,4/1/2015,M6H,1,944.9475,Canada
556,4/1/2015,R3G,1,855.6975,Canada
792,12/29/2014,R3R,1,70.8225,Canada
1120,12/29/2014,M4M,1,183.6975,Canada
2219,12/29/2014,R3K,1,157.4475,Canada
2237,12/29/2014,M4P,1,183.6975,Canada
615,12/29/2014,M5H,1,682.4475,Canada
2206,12/29/2014,M4R,1,102.3225,Canada
733,12/17/2014,L5T,1,398.9475,Canada
674,1/18/2015,M6H,1,682.4475,Canada
2218,12/29/2014,R3K,1,157.4475,Canada
2224,12/29/2014,M4R,1,62.9475,Canada
2238,12/29/2014,R3B,1,136.4475,Canada
685,12/29/2014,K1K,1,787.4475,Canada
2207,12/29/2014,M4R,1,102.3225,Canada
1844,11/1/2014,L5R,1,167.9475,Canada
1810,11/1/2014,L5R,1,272.9475,Canada
578,2/23/2015,M5X,1,787.4475,Canada
792,12/12/2014,M5X,1,70.8225,Canada
791,12/14/2014,L5P,1,70.8225,Canada
2136,12/14/2014,R3E,1,451.4475,Canada
792,12/14/2014,L5P,1,70.8225,Canada
3,12/14/2014,M5L,1,879.375,Canada
433,11/12/2014,R3G,1,836.85,Canada
405,11/12/2014,K1H,1,1916.1975,Canada
945,11/12/2014,K1A,1,682.4475,Canada
1180,2/24/2015,L5N,1,514.4475,Canada
443,2/24/2015,L5N,1,923.7375,Canada
947,2/24/2015,R3V,1,708.6975,Canada
2365,2/24/2015,K1R,1,529.725,Canada
967,2/24/2015,R3H,1,677.1975,Canada
590,1/19/2015,R3H,1,892.4475,Canada
1182,1/19/2015,L5R,1,209.9475,Canada
1522,1/19/2015,L5R,2,1049.79,Canada
1521,1/19/2015,L5R,2,1049.79,Canada
1755,12/14/2014,H1B,1,519.6975,Canada
733,12/15/2014,R3T,2,755.895,Canada
764,12/15/2014,R3T,1,333.3225,Canada
1134,12/15/2014,L5N,1,881.9475,Canada
1140,11/13/2014,L5N,1,771.6975,Canada
407,11/13/2014,M4N,1,1708.8225,Canada
781,12/17/2014,R3R,1,108.6225,Canada
782,12/17/2014,R3S,1,110.1975,Canada
791,12/18/2014,R3N,1,70.8225,Canada
794,12/18/2014,R3N,1,89.1975,Canada
2234,12/18/2014,L5N,1,68.1975,Canada
674,4/24/2015,L5N,1,692.9475,Canada
549,4/24/2015,M4E,1,551.1975,Canada
2275,4/24/2015,R3G,1,393.6975,Canada
651,5/19/2014,V6T,1,834.6975,Canada
1912,5/19/2014,T6R,1,377.4225,Canada
3,5/20/2014,V7M,1,955.5,Canada
993,5/20/2014,V7N,1,448.35,Canada
640,5/20/2014,T2J,1,813.6975,Canada
132,5/20/2014,V5X,1,782.25,Canada
41,5/20/2014,V6A,1,845.25,Canada
2341,5/21/2014,T5C,1,456.225,Canada
2380,5/21/2014,R2P,1,366.975,Canada
1027,5/22/2014,T5K,1,1207.4475,Canada
236,5/22/2014,T6W,1,524.7375,Canada
209,5/22/2014,V6J,1,1601.1975,Canada
506,5/22/2014,R2P,1,1359.6975,Canada
208,5/27/2014,T6G,1,1472.5725,Canada
407,5/27/2014,T1Y,1,1708.8225,Canada
2380,5/27/2014,T6E,1,366.975,Canada
1177,5/27/2014,T1Y,1,278.1975,Canada
210,5/27/2014,V6H,1,1304.5725,Canada
465,5/27/2014,V6Z,1,1181.1975,Canada
2165,5/27/2014,T6T,1,671.9475,Canada
397,5/27/2014,T6R,1,1496.1975,Canada
1920,5/27/2014,T6E,1,335.9475,Canada
667,5/28/2014,T6S,1,818.9475,Canada
711,5/28/2014,T6G,1,246.6975,Canada
465,5/28/2014,V5W,1,1181.1975,Canada
506,5/31/2014,V6C,1,1359.6975,Canada
1916,5/31/2014,V7K,1,346.4475,Canada
1904,5/31/2014,T6E,1,682.4475,Canada
547,5/31/2014,V5Z,1,559.0725,Canada
584,5/31/2014,V5V,1,619.4475,Canada
939,5/31/2014,T6G,1,432.6,Canada
2331,5/31/2014,T5B,1,750.225,Canada
2366,5/31/2014,V6J,1,435.225,Canada
690,5/31/2014,V7W,1,433.0725,Canada
407,6/20/2014,V7Y,1,1708.8225,Canada
549,6/20/2014,V6A,1,564.3225,Canada
945,6/20/2014,V6M,1,702.975,Canada
1009,6/20/2014,V5N,1,139.0725,Canada
41,6/20/2014,V5Z,1,845.25,Canada
506,6/20/2014,T1Y,1,1359.6975,Canada
506,5/31/2014,V6T,1,1359.6975,Canada
1183,5/31/2014,R2G,1,750.6975,Canada
465,5/31/2014,T2C,1,1181.1975,Canada
2064,5/31/2014,T5L,1,645.6975,Canada
1982,6/2/2014,V6M,1,398.9475,Canada
449,6/3/2014,T6R,1,1070.9475,Canada
793,6/21/2014,T6E,1,89.1975,Canada
974,6/21/2014,V6H,1,695.1,Canada
794,6/21/2014,T6E,1,89.1975,Canada
2199,6/10/2014,V5V,1,240.975,Canada
465,6/10/2014,V5V,1,1181.1975,Canada
465,6/10/2014,V7Y,1,1181.1975,Canada
1140,6/10/2014,T5L,1,829.4475,Canada
2207,6/10/2014,V5V,1,114.975,Canada
2219,6/10/2014,T5B,1,172.725,Canada
2206,6/10/2014,V5V,1,114.975,Canada
2218,6/10/2014,T5B,1,172.725,Canada
465,6/10/2014,V5T,1,1181.1975,Canada
1177,6/11/2014,T6G,1,272.9475,Canada
2367,6/11/2014,V7Y,1,513.975,Canada
1177,6/11/2014,R2L,1,272.9475,Canada
777,6/11/2014,V5Z,1,151.2,Canada
778,6/11/2014,V6G,1,151.2,Canada
585,6/11/2014,T5J,1,419.9475,Canada
777,6/11/2014,V6G,1,151.2,Canada
1177,6/11/2014,T6E,1,272.9475,Canada
1759,6/11/2014,T5V,1,445.725,Canada
778,6/11/2014,V5Z,1,151.2,Canada
817,6/12/2014,T2J,1,409.4475,Canada
1874,6/12/2014,T6V,1,839.9475,Canada
506,6/12/2014,V6Z,1,1359.6975,Canada
407,6/12/2014,T6V,1,1708.8225,Canada
656,6/12/2014,T1Y,1,913.4475,Canada
1115,6/12/2014,V6A,1,456.6975,Canada
449,6/13/2014,T3C,1,1070.9475,Canada
180,6/13/2014,T6E,1,826.875,Canada
656,6/13/2014,T5Y,1,913.4475,Canada
1027,6/13/2014,T6E,2,2493.645,Canada
720,6/13/2014,T2J,1,0,Canada
582,6/13/2014,T2C,1,356.9475,Canada
972,6/13/2014,V5Z,1,666.6975,Canada
449,6/13/2014,V6M,1,1070.9475,Canada
719,6/13/2014,T2J,1,0,Canada
449,6/14/2014,V6A,1,1070.9475,Canada
1904,6/14/2014,R2C,1,682.4475,Canada
1027,6/14/2014,V5M,1,1233.6975,Canada
1194,6/14/2014,T6G,1,803.1975,Canada
465,6/14/2014,V5W,1,1181.1975,Canada
471,6/14/2014,T6V,1,958.0725,Canada
465,6/16/2014,T6K,1,1181.1975,Canada
1013,6/24/2014,V5T,1,104.9475,Canada
2219,6/24/2014,T6E,2,345.45,Canada
208,6/24/2014,T6V,1,1472.5725,Canada
209,6/24/2014,T6E,1,1601.1975,Canada
2197,6/24/2014,T5L,1,272.475,Canada
1864,6/24/2014,T6E,1,997.4475,Canada
2218,6/24/2014,T6E,2,345.45,Canada
2376,6/25/2014,T2X,1,818.475,Canada
1177,6/25/2014,T1Y,1,288.6975,Canada
506,6/25/2014,T1Y,1,1359.6975,Canada
1920,6/25/2014,V6G,1,335.9475,Canada
208,6/17/2014,T2J,1,1472.5725,Canada
1375,6/17/2014,R2L,1,482.9475,Canada
2284,6/17/2014,V6M,1,375.375,Canada
209,6/17/2014,V5Z,1,1601.1975,Canada
2332,6/17/2014,V6G,1,587.475,Canada
1376,6/17/2014,R2L,1,482.9475,Canada
507,6/18/2014,T2X,1,2047.4475,Canada
939,6/18/2014,T5S,1,432.6,Canada
1177,6/18/2014,V7Y,1,288.6975,Canada
963,6/18/2014,T2E,1,432.6,Canada
1177,6/18/2014,T6G,1,278.1975,Canada
1027,6/18/2014,T6E,1,1207.4475,Canada
585,6/19/2014,T6E,1,419.9475,Canada
561,6/19/2014,T6V,1,745.4475,Canada
941,6/19/2014,V6S,1,944.9475,Canada
29,6/19/2014,T2R,1,524.475,Canada
1053,6/19/2014,V6G,1,341.1975,Canada
908,6/26/2014,T1Y,1,220.4475,Canada
74,6/26/2014,T2X,1,1128.75,Canada
829,6/27/2014,T5J,1,330.6975,Canada
900,6/27/2014,T2J,1,288.6975,Canada
465,6/27/2014,T6S,1,1181.1975,Canada
506,6/27/2014,T6G,1,1359.6975,Canada
1050,9/21/2014,T6S,1,278.1975,Canada
734,9/21/2014,T6G,2,755.895,Canada
794,10/14/2014,V6S,1,89.1975,Canada
809,10/14/2014,V6T,1,230.9475,Canada
2380,6/4/2014,T6E,1,366.975,Canada
582,6/4/2014,T2C,3,1070.8425,Canada
1223,6/4/2014,V5V,1,419.9475,Canada
1009,6/5/2014,T6W,1,139.0725,Canada
1129,6/5/2014,T6E,1,472.4475,Canada
407,6/6/2014,T6V,1,1708.8225,Canada
582,6/6/2014,T2C,3,1070.8425,Canada
2369,6/7/2014,T2X,1,456.225,Canada
993,6/7/2014,T2X,1,432.6,Canada
2380,5/29/2014,V5X,1,366.975,Canada
1085,5/29/2014,V6L,1,131.1975,Canada
2054,5/29/2014,T3G,1,724.4475,Canada
2337,5/29/2014,V7Y,1,419.475,Canada
2399,5/29/2014,T2E,1,135.975,Canada
1086,5/29/2014,V6L,1,131.1975,Canada
2104,5/30/2014,T2C,1,577.4475,Canada
407,5/30/2014,V5X,1,1708.8225,Canada
465,5/30/2014,V5T,1,1181.1975,Canada
582,5/30/2014,T2C,1,356.9475,Canada
2284,5/30/2014,V6M,1,375.375,Canada
407,5/30/2014,V6T,1,1708.8225,Canada
1175,5/30/2014,T6K,1,803.1975,Canada
2055,5/30/2014,V7V,1,734.9475,Canada
2369,5/30/2014,T6J,1,450.975,Canada
668,5/30/2014,V7M,1,1412.1975,Canada
1711,5/30/2014,T5Y,2,230.895,Canada
2170,5/30/2014,V7Y,1,703.4475,Canada
1177,5/30/2014,V6J,1,272.9475,Canada
2350,5/30/2014,V6Z,1,414.225,Canada
465,5/31/2014,R2G,1,1181.1975,Canada
1212,5/31/2014,V6J,1,446.1975,Canada
1879,5/31/2014,R2L,1,1049.9475,Canada
582,5/31/2014,T2C,2,713.895,Canada
1155,5/31/2014,T6G,1,629.9475,Canada
1223,5/31/2014,V6S,1,435.6975,Canada
449,6/27/2014,T3G,1,1070.9475,Canada
451,6/27/2014,T6S,1,963.3225,Canada
465,6/27/2014,T6J,1,1181.1975,Canada
2269,6/28/2014,V6M,1,393.225,Canada
368,6/28/2014,V6G,1,771.4875,Canada
598,6/28/2014,T6E,1,971.1975,Canada
1028,6/28/2014,V6Z,1,1123.4475,Canada
465,6/28/2014,T6G,1,1181.1975,Canada
829,6/28/2014,V6S,1,314.9475,Canada
1033,6/28/2014,T6E,1,1018.4475,Canada
451,6/29/2014,V7W,1,963.3225,Canada
1135,6/30/2014,T6V,1,960.6975,Canada
722,6/30/2014,R2G,1,167.9475,Canada
2395,6/30/2014,V6J,1,177.975,Canada
2412,6/30/2014,T6E,1,120.225,Canada
1118,6/30/2014,V6H,1,398.9475,Canada
1982,6/30/2014,T6H,1,398.9475,Canada
1009,6/30/2014,T5Y,1,139.0725,Canada
2015,6/30/2014,V6T,1,419.9475,Canada
2275,6/30/2014,T6E,1,433.125,Canada
506,6/30/2014,V6T,1,1359.6975,Canada
567,6/30/2014,R2G,1,853.0725,Canada
585,6/30/2014,T5B,1,419.9475,Canada
721,6/30/2014,R2G,1,167.9475,Canada
2052,6/30/2014,V7W,1,766.4475,Canada
2379,6/30/2014,T5W,1,227.85,Canada
1022,3/15/2015,V6S,1,157.4475,Canada
1183,3/15/2015,T5J,1,619.4475,Canada
599,8/12/2014,T6T,1,886.9875,Canada
2237,8/12/2014,T1Y,1,183.6975,Canada
2396,8/13/2014,V5M,1,115.4475,Canada
407,8/13/2014,V6T,1,1708.8225,Canada
2224,8/13/2014,T2J,1,62.9475,Canada
733,8/31/2014,V6S,1,377.9475,Canada
489,9/24/2014,T2C,1,997.4475,Canada
2367,9/24/2014,T6R,1,477.225,Canada
1182,9/24/2014,V6T,1,209.9475,Canada
2396,9/24/2014,T2C,1,115.4475,Canada
1809,8/27/2014,V5M,1,230.9475,Canada
1763,9/1/2014,R2G,1,472.4475,Canada
2393,9/1/2014,R2G,1,110.1975,Canada
2058,8/17/2014,V7Y,1,272.9475,Canada
8,8/17/2014,V6E,1,472.2375,Canada
487,8/17/2014,T2J,1,1102.4475,Canada
585,8/17/2014,T6E,1,419.9475,Canada
1494,8/17/2014,V6T,1,419.895,Canada
438,8/17/2014,V5V,1,997.4475,Canada
1493,8/17/2014,V6T,1,419.895,Canada
2225,8/13/2014,T2J,1,62.9475,Canada
2045,8/14/2014,V5V,1,493.4475,Canada
2275,8/14/2014,T5G,1,393.6975,Canada
792,8/14/2014,V6Z,1,70.8225,Canada
438,8/14/2014,V5V,1,960.4875,Canada
487,9/24/2014,V6Z,1,1102.4475,Canada
1142,9/24/2014,V6H,1,703.4475,Canada
496,9/25/2014,T6E,1,928.9875,Canada
995,9/25/2014,T5H,1,598.4475,Canada
1809,9/1/2014,T5Y,2,461.895,Canada
1850,9/1/2014,T6W,1,152.1975,Canada
2085,9/1/2014,R2G,1,666.6975,Canada
1826,9/1/2014,T6T,1,220.4475,Canada
2055,3/15/2015,V6H,1,656.1975,Canada
826,1/30/2015,T6T,1,1202.1975,Canada
978,1/30/2015,T6G,1,803.1975,Canada
1883,1/30/2015,T6E,1,761.1975,Canada
407,2/8/2015,V6R,1,1708.8225,Canada
2055,2/8/2015,V5W,1,656.1975,Canada
443,2/9/2015,R2G,1,923.7375,Canada
1481,9/8/2014,T1Y,1,440.895,Canada
260,8/27/2014,T6H,1,629.7375,Canada
907,8/27/2014,V6C,1,608.9475,Canada
2263,3/26/2015,T6W,1,351.6975,Canada
1009,3/10/2015,V7W,1,112.8225,Canada
229,3/10/2015,T5J,1,603.4875,Canada
1519,3/10/2015,T5Y,1,225.645,Canada
438,3/23/2015,V6J,1,997.4475,Canada
457,3/23/2015,T5K,1,997.4475,Canada
487,3/23/2015,T6E,1,1102.4475,Canada
332,4/3/2015,V5R,1,944.7375,Canada
585,4/3/2015,V6J,1,419.9475,Canada
359,4/3/2015,T3C,1,1144.2375,Canada
1172,4/5/2015,T5K,1,493.4475,Canada
443,10/4/2014,T2C,1,923.7375,Canada
599,10/5/2014,T2J,1,886.9875,Canada
2395,10/5/2014,T6E,1,157.4475,Canada
2405,10/5/2014,T6W,1,425.1975,Canada
2395,10/5/2014,T6G,1,157.4475,Canada
545,10/5/2014,V6T,1,902.9475,Canada
762,10/6/2014,V5Z,1,194.1975,Canada
794,10/6/2014,V5Z,1,89.1975,Canada
993,10/6/2014,V6J,1,367.4475,Canada
764,10/6/2014,V5V,1,333.3225,Canada
1529,4/9/2015,M5R,1,419.895,Canada
674,2/5/2015,R3G,1,682.4475,Canada
2225,3/17/2015,L5P,1,60.3225,Canada
945,3/17/2015,L5N,1,682.4475,Canada
438,2/21/2015,K1R,1,997.4475,Canada
585,2/21/2015,L5R,1,419.9475,Canada
438,2/22/2015,R3V,1,997.4475,Canada
556,2/22/2015,R3T,1,855.6975,Canada
1472,2/23/2015,R3T,1,293.895,Canada
2379,2/23/2015,H1G,1,194.1975,Canada
963,3/31/2015,R3B,1,419.9475,Canada
993,3/31/2015,R2W,1,383.1975,Canada
1223,3/31/2015,H1B,1,398.9475,Canada
2061,1/5/2015,L5P,1,367.4475,Canada
1114,1/5/2015,R3A,1,202.0725,Canada
1180,1/6/2015,R2Y,1,524.9475,Canada
12,1/6/2015,L5N,1,456.6975,Canada
1124,2/23/2015,L5R,1,692.9475,Canada
407,2/23/2015,H1G,1,1708.8225,Canada
487,2/23/2015,L5G,1,1102.4475,Canada
1471,2/23/2015,R3T,1,293.895,Canada
826,2/23/2015,R3T,1,1202.1975,Canada
202,3/31/2015,L5P,1,1312.4475,Canada
487,3/31/2015,L5J,1,1102.4475,Canada
1086,3/31/2015,R3G,1,97.0725,Canada
2054,3/31/2015,L5N,1,640.4475,Canada
2055,4/9/2015,L5P,1,656.1975,Canada
1348,4/12/2015,K2P,1,346.395,Canada
1114,1/7/2015,M4Y,1,202.0725,Canada
945,11/30/2014,L5P,1,682.4475,Canada
1115,11/30/2014,L5R,1,422.5725,Canada
2045,11/30/2014,L5N,1,514.4475,Canada
2219,11/30/2014,L5N,1,157.4475,Canada
2215,2/27/2015,L5N,1,377.9475,Canada
2214,2/27/2015,L5N,1,377.9475,Canada
2367,2/27/2015,H1B,1,471.975,Canada
2395,2/27/2015,M6H,1,157.4475,Canada
2284,1/25/2015,K1R,1,346.4475,Canada
2186,1/26/2015,M5L,1,467.1975,Canada
735,1/26/2015,R2W,1,393.6975,Canada
736,1/26/2015,R2W,1,393.6975,Canada
793,12/22/2014,R3N,1,89.1975,Canada
2237,12/22/2014,R3E,1,194.1975,Canada
1958,12/22/2014,R2V,1,78.6975,Canada
1959,12/22/2014,R3S,1,78.6975,Canada
794,12/22/2014,R3N,1,89.1975,Canada
1350,5/31/2015,R3V,2,839.79,Canada
1496,5/31/2015,M4V,1,367.395,Canada
1529,5/31/2015,R3H,1,356.895,Canada
1703,5/31/2015,K1H,1,107.5725,Canada
1343,5/31/2015,M4V,1,314.895,Canada
1363,5/31/2015,R3S,1,204.645,Canada
438,5/31/2015,R3H,1,997.4475,Canada
1823,6/1/2015,L5P,1,456.6975,Canada
1043,7/10/2014,L5N,1,362.1975,Canada
438,7/11/2014,M7Y,1,960.4875,Canada
443,7/12/2014,M5P,1,923.7375,Canada
585,7/12/2014,M6H,1,419.9475,Canada
636,7/12/2014,M6G,1,926.5725,Canada
690,7/12/2014,M5P,1,367.4475,Canada
690,7/12/2014,L4Y,1,367.4475,Canada
412,7/12/2014,M4V,1,1627.4475,Canada
690,7/12/2014,M5X,1,367.4475,Canada
609,7/30/2014,H1B,1,839.9475,Canada
604,7/30/2014,M7Y,1,524.9475,Canada
1172,4/23/2015,M7Y,1,477.6975,Canada
1223,4/23/2015,M5R,1,398.9475,Canada
676,4/23/2015,L5N,1,761.1975,Canada
1175,4/23/2015,K1Y,1,635.1975,Canada
405,4/23/2015,M6H,1,1916.1975,Canada
438,6/1/2015,M4P,1,997.4475,Canada
1852,6/1/2015,L5N,1,173.1975,Canada
761,6/2/2015,R3H,1,194.1975,Canada
762,6/2/2015,R3H,1,194.1975,Canada
548,4/24/2015,M5L,1,519.6975,Canada
407,4/24/2015,M5R,1,1708.8225,Canada
907,2/19/2015,L5R,1,608.9475,Canada
183,2/19/2015,R3G,1,724.5,Canada
359,2/19/2015,M6S,1,1144.2375,Canada
2224,12/2/2014,R3T,1,68.1975,Canada
2225,12/2/2014,R3T,1,68.1975,Canada
531,12/2/2014,L5P,1,629.7375,Canada
615,12/4/2014,L4Y,1,682.4475,Canada
1060,3/1/2015,M4E,1,162.6975,Canada
1137,3/1/2015,K1R,1,724.4475,Canada
1180,3/1/2015,K1N,1,524.9475,Canada
2073,3/1/2015,L5L,1,377.9475,Canada
556,3/2/2015,H1B,1,855.6975,Canada
1942,3/2/2015,R3V,1,120.6975,Canada
559,3/2/2015,L5P,1,629.9475,Canada
1995,3/2/2015,M5P,1,446.1975,Canada
1943,3/2/2015,R3V,1,120.6975,Canada
332,7/1/2014,K1A,1,944.7375,Canada
596,7/1/2014,M5A,1,766.2375,Canada
1182,7/27/2014,M5S,1,215.1975,Canada
609,7/27/2014,R3S,1,839.9475,Canada
674,7/27/2014,M4V,1,692.9475,Canada
945,7/27/2014,L5N,1,682.4475,Canada
1140,7/27/2014,L5P,1,771.6975,Canada
1182,7/27/2014,R3V,1,209.9475,Canada
580,7/2/2014,R2V,1,834.4875,Canada
981,7/2/2014,K1N,1,178.4475,Canada
945,7/3/2014,K1Y,1,682.4475,Canada
2368,7/31/2014,R3R,1,760.725,Canada
596,12/7/2014,M6S,1,766.2375,Canada
1774,12/7/2014,M7Y,1,839.9475,Canada
794,12/8/2014,M6G,1,89.1975,Canada
792,12/8/2014,R3G,1,70.8225,Canada
791,12/8/2014,R3G,1,70.8225,Canada
1530,12/8/2014,M6H,1,419.895,Canada
793,12/8/2014,M6G,1,89.1975,Canada
2368,12/8/2014,L5P,1,723.975,Canada
1529,12/8/2014,M6H,1,419.895,Canada
516,12/9/2014,L5P,1,524.7375,Canada
1466,3/11/2015,M4R,1,233.52,Canada
478,3/11/2015,M4E,1,1417.4475,Canada
2388,3/11/2015,M4Y,1,346.4475,Canada
2219,3/11/2015,L5H,1,146.9475,Canada
1226,3/12/2015,K1N,1,572.1975,Canada
1137,3/12/2015,H1B,1,745.4475,Canada
636,6/27/2015,H2Z,1,881.9475,Canada
487,6/27/2015,R3V,1,1102.4475,Canada
1722,6/30/2015,M6H,1,86.5725,Canada
1304,4/19/2015,M5P,1,398.9475,Canada
1171,4/19/2015,M4Y,1,356.9475,Canada
1180,4/19/2015,M5B,1,514.4475,Canada
1987,4/19/2015,M6G,1,183.6975,Canada
433,4/20/2015,M4E,1,997.4475,Canada
2361,4/20/2015,L5N,1,592.725,Canada
734,2/25/2015,R3V,1,398.9475,Canada
1235,2/25/2015,L5R,1,482.895,Canada
1349,2/25/2015,R3H,1,356.895,Canada
733,2/25/2015,R3V,1,398.9475,Canada
2275,2/25/2015,R3G,1,424.725,Canada
1236,2/25/2015,L5R,1,482.895,Canada
1350,2/25/2015,R3H,1,356.895,Canada
438,2/26/2015,M6G,1,997.4475,Canada
791,2/26/2015,L5N,1,70.8225,Canada
1183,1/20/2015,K1R,1,619.4475,Canada
1182,1/21/2015,L5N,1,209.9475,Canada
734,12/15/2014,R3T,2,755.895,Canada
763,12/15/2014,R3T,1,333.3225,Canada
2275,12/16/2014,L5P,1,377.9475,Canada
1853,1/1/2015,L5N,1,367.4475,Canada
1851,1/1/2015,L5J,1,325.4475,Canada
781,1/4/2015,L5N,1,108.6225,Canada
782,1/4/2015,L5N,1,108.6225,Canada
791,12/18/2014,M6H,1,70.8225,Canada
2235,12/18/2014,L5N,1,68.1975,Canada
777,12/18/2014,L5K,1,125.9475,Canada
792,12/18/2014,R3N,1,70.8225,Canada
733,12/18/2014,R3G,1,377.9475,Canada
793,12/18/2014,R3N,1,89.1975,Canada
733,12/18/2014,R3A,1,377.9475,Canada
778,12/18/2014,L5K,1,125.9475,Canada
734,12/18/2014,R3A,1,377.9475,Canada
734,12/18/2014,R3G,1,377.9475,Canada
792,12/18/2014,M6H,1,70.8225,Canada
1212,2/26/2015,K1R,1,404.1975,Canada
993,2/26/2015,R3H,2,750.645,Canada
792,2/26/2015,L5N,1,70.8225,Canada
794,1/23/2015,L5N,1,89.1975,Canada
793,1/23/2015,L5T,1,89.1975,Canada
794,1/23/2015,L5T,1,89.1975,Canada
793,1/23/2015,L5N,1,89.1975,Canada
782,12/23/2014,M6H,1,110.1975,Canada
793,11/30/2014,L5N,1,89.1975,Canada
945,11/30/2014,M6S,1,682.4475,Canada
777,11/30/2014,H1B,1,125.9475,Canada
3,12/1/2014,L5R,1,879.375,Canada
1142,12/1/2014,L5T,1,703.4475,Canada
2389,12/1/2014,R2Y,1,823.725,Canada
959,2/27/2015,R3V,1,863.5725,Canada
438,2/28/2015,R3E,1,997.4475,Canada
440,2/28/2015,L5G,1,1627.4475,Canada
548,2/28/2015,R3V,1,524.9475,Canada
2359,3/1/2015,M5S,1,461.9475,Canada
1059,3/1/2015,L5T,1,157.4475,Canada
1212,3/1/2015,L5N,1,454.0725,Canada
1060,3/1/2015,L5T,1,157.4475,Canada
1059,3/1/2015,M4E,1,162.6975,Canada
2084,3/1/2015,L5N,1,687.6975,Canada
2145,3/12/2015,L5G,1,404.1975,Canada
2225,3/12/2015,M5B,1,68.1975,Canada
959,3/19/2015,M4E,1,863.5725,Canada
2280,3/19/2015,M5P,1,170.5725,Canada
1714,3/8/2015,L5T,1,104.9475,Canada
496,3/8/2015,M6H,1,944.9475,Canada
1085,3/31/2015,R3G,1,97.0725,Canada
487,4/27/2015,L5N,1,1102.4475,Canada
556,4/27/2015,M6H,1,855.6975,Canada
578,3/12/2015,R3G,1,787.4475,Canada
1175,3/12/2015,K1H,1,650.9475,Canada
407,3/12/2015,R3V,1,1708.8225,Canada
2224,3/12/2015,M5B,1,68.1975,Canada
548,3/13/2015,M5P,1,524.9475,Canada
253,3/13/2015,M6G,1,734.7375,Canada
2332,3/13/2015,M5P,1,534.975,Canada
777,7/15/2014,M6S,1,128.5725,Canada
939,7/15/2014,R3G,1,383.1975,Canada
1763,7/15/2014,L5P,1,472.4475,Canada
1125,7/15/2014,M5X,1,939.6975,Canada
599,7/15/2014,R3B,1,886.9875,Canada
778,7/15/2014,M6S,1,128.5725,Canada
945,5/31/2015,K1Y,1,682.4475,Canada
1489,5/31/2015,R3G,1,314.895,Canada
1518,5/31/2015,R3G,1,196.77,Canada
1707,5/31/2015,K1H,1,125.9475,Canada
1344,5/31/2015,M4V,1,314.895,Canada
1349,5/31/2015,R3V,2,839.79,Canada
1364,5/31/2015,R3S,1,204.645,Canada
1495,5/31/2015,M4V,1,367.395,Canada
1490,5/31/2015,R3G,1,314.895,Canada
1120,6/30/2015,L5P,1,175.8225,Canada
1145,6/30/2015,M6H,1,335.9475,Canada
781,6/30/2015,L4X,1,108.6225,Canada
438,6/21/2015,K1R,1,997.4475,Canada
1182,3/3/2015,L4X,1,225.6975,Canada
2275,3/3/2015,M5R,1,388.4475,Canada
2180,3/4/2015,M5L,1,467.1975,Canada
1129,3/4/2015,R3R,1,461.9475,Canada
1465,3/11/2015,M4R,1,233.52,Canada
2218,3/11/2015,L5H,1,146.9475,Canada
2064,3/11/2015,L4Y,1,577.4475,Canada
407,3/24/2015,L5H,1,1708.8225,Canada
927,3/24/2015,M4V,1,514.4475,Canada
1180,3/24/2015,L5N,1,514.4475,Canada
2336,3/24/2015,K1R,1,760.725,Canada
506,3/24/2015,L5T,1,1296.6975,Canada
359,2/12/2015,M6H,1,1144.2375,Canada
506,6/21/2015,M6H,1,1296.6975,Canada
506,6/21/2015,M6S,1,1296.6975,Canada
1049,6/21/2015,H1B,1,257.1975,Canada
359,7/25/2014,M7Y,1,1144.2375,Canada
615,7/25/2014,L5P,1,682.4475,Canada
996,7/25/2014,K1H,1,719.1975,Canada
636,7/17/2014,L5R,1,926.5725,Canada
491,7/18/2014,L5P,1,944.9475,Canada
1763,7/31/2014,L5N,1,472.4475,Canada
2077,7/31/2014,L5P,1,388.4475,Canada
1171,7/31/2014,L5N,1,356.9475,Canada
2015,7/31/2014,L5R,1,341.1975,Canada
438,10/14/2014,V7Y,1,997.4475,Canada
2045,10/14/2014,V7W,1,514.4475,Canada
1831,10/15/2014,R2G,1,362.1975,Canada
733,10/15/2014,T6G,1,377.9475,Canada
734,10/15/2014,T6G,1,377.9475,Canada
792,11/18/2014,V6H,1,70.8225,Canada
793,11/18/2014,V5V,1,89.1975,Canada
2275,11/18/2014,T5B,1,393.6975,Canada
2280,11/18/2014,V6B,2,351.645,Canada
2395,11/18/2014,R2G,1,157.4475,Canada
487,11/18/2014,T6T,1,1102.4475,Canada
791,11/18/2014,V6H,1,70.8225,Canada
794,11/18/2014,V5V,1,89.1975,Canada
826,10/28/2014,T2J,1,1175.9475,Canada
981,10/28/2014,T2E,1,178.4475,Canada
531,10/29/2014,T3E,1,629.7375,Canada
534,10/29/2014,T5K,1,550.9875,Canada
777,10/29/2014,T3G,2,251.895,Canada
1810,10/15/2014,R2G,1,272.9475,Canada
2393,10/15/2014,V7Y,1,104.9475,Canada
745,10/16/2014,V6T,1,220.4475,Canada
1118,10/16/2014,T2C,1,367.4475,Canada
777,10/16/2014,T2J,1,125.9475,Canada
778,10/16/2014,T2J,1,125.9475,Canada
433,9/21/2014,T6G,1,997.4475,Canada
415,9/21/2014,T2C,1,892.4475,Canada
1171,9/21/2014,T5K,1,356.9475,Canada
733,9/21/2014,T6G,2,755.895,Canada
2060,9/21/2014,V5Z,1,367.4475,Canada
433,9/22/2014,T2C,1,997.4475,Canada
487,9/22/2014,T5K,1,1102.4475,Canada
457,9/22/2014,T2C,1,997.4475,Canada
1009,9/22/2014,T5J,1,112.8225,Canada
405,10/30/2014,T5V,1,1916.1975,Canada
809,10/30/2014,V6H,1,230.9475,Canada
487,10/31/2014,V6J,1,1102.4475,Canada
993,10/31/2014,T5K,1,367.4475,Canada
794,11/25/2014,T3R,1,89.1975,Canada
2269,11/25/2014,T2C,1,343.8225,Canada
2275,11/25/2014,T2C,1,388.4475,Canada
782,11/25/2014,T5C,1,110.1975,Canada
2237,11/25/2014,T3G,1,194.1975,Canada
793,11/25/2014,T3R,1,89.1975,Canada
781,11/25/2014,T5C,1,110.1975,Canada
2396,11/25/2014,V6S,1,115.4475,Canada
1182,11/25/2014,T6T,1,209.9475,Canada
2086,4/28/2015,V6A,1,241.4475,Canada
826,4/28/2015,V5W,1,1102.4475,Canada
1171,4/28/2015,V6A,1,356.9475,Canada
1180,4/28/2015,T3R,1,514.4475,Canada
2186,4/28/2015,T6E,1,467.1975,Canada
927,4/28/2015,T2X,1,514.4475,Canada
977,4/28/2015,T6E,1,488.1975,Canada
2365,6/23/2015,V6A,1,529.725,Canada
487,6/23/2015,T6E,1,1102.4475,Canada
791,12/24/2014,V5X,1,70.8225,Canada
440,4/5/2015,V6M,1,1627.4475,Canada
438,4/5/2015,T5B,1,997.4475,Canada
556,4/6/2015,V5W,1,855.6975,Canada
762,4/6/2015,V6Z,1,194.1975,Canada
945,4/6/2015,T6G,1,682.4475,Canada
1120,4/6/2015,R2G,1,194.1975,Canada
17,3/31/2015,T3C,1,414.75,Canada
1009,3/16/2015,T5Y,1,112.8225,Canada
1212,3/16/2015,V6H,1,404.1975,Canada
690,3/16/2015,T3C,1,367.4475,Canada
407,3/17/2015,V6S,1,1708.8225,Canada
457,2/3/2015,T6T,1,997.4475,Canada
2207,2/3/2015,V6H,1,102.3225,Canada
659,2/3/2015,T5K,1,1469.9475,Canada
2207,2/3/2015,T2X,1,102.3225,Canada
2206,2/3/2015,V6H,1,102.3225,Canada
2206,2/3/2015,T2X,1,102.3225,Canada
1086,2/4/2015,T5L,1,118.0725,Canada
1118,2/4/2015,T5L,1,367.4475,Canada
2215,2/4/2015,T6G,1,393.6975,Canada
1129,2/4/2015,T6E,1,461.9475,Canada
615,2/4/2015,T5L,1,682.4475,Canada
945,2/4/2015,V5Z,1,682.4475,Canada
1085,2/4/2015,T5L,1,118.0725,Canada
2214,2/4/2015,T6G,1,393.6975,Canada
577,12/24/2014,V6S,1,1023.6975,Canada
650,12/24/2014,V6A,1,514.4475,Canada
792,12/24/2014,T5H,2,141.645,Canada
792,12/24/2014,V5Z,1,70.8225,Canada
794,12/24/2014,T5Y,1,89.1975,Canada
793,12/26/2014,R2G,1,89.1975,Canada
990,11/28/2014,T6E,1,446.1975,Canada
2368,11/28/2014,V5Z,1,765.975,Canada
1114,11/30/2014,T5B,1,183.6975,Canada
781,11/30/2014,T5K,1,110.1975,Canada
1171,10/22/2014,R2G,1,341.1975,Canada
1009,11/4/2014,V5Z,1,112.8225,Canada
959,11/5/2014,V6S,1,863.5725,Canada
782,11/5/2014,T6J,1,108.6225,Canada
2368,11/5/2014,T6G,1,734.475,Canada
781,11/5/2014,T6J,1,108.6225,Canada
1067,11/5/2014,V6C,1,406.8225,Canada
1068,11/5/2014,V6C,1,406.8225,Canada
491,11/6/2014,T1Y,1,944.9475,Canada
959,11/6/2014,V5X,1,863.5725,Canada
760,11/6/2014,V6R,1,165.3225,Canada
1845,11/6/2014,T5L,1,99.6975,Canada
759,11/6/2014,V6R,1,165.3225,Canada
794,11/6/2014,V6R,1,89.1975,Canada
794,12/26/2014,R2G,1,89.1975,Canada
516,12/28/2014,R2G,1,524.7375,Canada
759,12/28/2014,T6E,3,495.9675,Canada
782,12/28/2014,T3G,1,108.6225,Canada
1934,12/28/2014,V7W,1,136.4475,Canada
764,12/28/2014,T6W,1,333.3225,Canada
782,12/28/2014,T2X,1,108.6225,Canada
781,12/28/2014,T2X,1,108.6225,Canada
791,12/28/2014,V5K,1,70.8225,Canada
791,12/28/2014,V7W,2,141.645,Canada
1935,12/28/2014,V7W,1,136.4475,Canada
763,12/28/2014,T6W,1,333.3225,Canada
793,12/28/2014,T2C,1,89.1975,Canada
760,12/28/2014,T6E,3,495.9675,Canada
792,12/28/2014,V7W,2,141.645,Canada
1077,11/30/2014,V5W,1,351.6975,Canada
1103,11/30/2014,V5W,1,141.6975,Canada
487,11/3/2014,T6E,1,1102.4475,Canada
781,12/12/2014,V6H,1,108.6225,Canada
1086,12/21/2014,V6Z,1,102.3225,Canada
1908,11/24/2014,T2J,1,393.6975,Canada
791,11/24/2014,T5L,1,70.8225,Canada
1180,4/5/2015,V5M,1,524.9475,Canada
1175,4/5/2015,V7W,1,603.6975,Canada
1171,3/15/2015,V7Y,1,356.9475,Canada
1495,10/12/2014,T3R,1,419.895,Canada
781,11/14/2014,T2C,1,110.1975,Canada
516,11/14/2014,T6E,1,524.7375,Canada
487,11/14/2014,T6G,1,1102.4475,Canada
782,11/14/2014,T2C,1,110.1975,Canada
407,11/15/2014,V5V,1,1708.8225,Canada
1845,11/15/2014,R2G,1,99.6975,Canada
609,11/15/2014,V6J,1,839.9475,Canada
1085,11/16/2014,V5T,1,97.0725,Canada
1086,11/16/2014,V5T,1,97.0725,Canada
792,9/9/2014,V5Z,1,70.8225,Canada
734,9/9/2014,V7Y,1,398.9475,Canada
487,9/9/2014,T2X,1,1102.4475,Canada
2055,9/9/2014,T2X,1,656.1975,Canada
1229,9/10/2014,T2B,1,288.6975,Canada
2206,9/10/2014,V7M,2,204.645,Canada
531,10/31/2014,T6E,1,629.7375,Canada
590,10/31/2014,T6G,1,892.4475,Canada
2225,10/31/2014,V5Z,1,68.1975,Canada
2412,9/18/2014,T6E,1,107.5725,Canada
556,9/18/2014,T2C,1,855.6975,Canada
981,9/18/2014,T6R,1,178.4475,Canada
506,9/18/2014,V6K,1,1296.6975,Canada
2396,10/13/2014,T5Y,1,115.4475,Canada
2332,10/13/2014,T3A,1,529.725,Canada
585,10/13/2014,T5J,1,419.9475,Canada
793,10/14/2014,V6S,1,89.1975,Canada
2097,10/14/2014,V6S,1,488.1975,Canada
945,10/14/2014,T6E,1,682.4475,Canada
1127,11/16/2014,V7W,1,797.9475,Canada
206,11/17/2014,T6E,1,871.4475,Canada
808,11/17/2014,T1Y,1,377.9475,Canada
1053,11/17/2014,R2L,1,293.9475,Canada
778,11/17/2014,T6W,1,125.9475,Canada
777,11/17/2014,T6W,1,125.9475,Canada
405,10/31/2014,T1Y,1,1916.1975,Canada
165,10/28/2014,T5K,1,671.7375,Canada
548,10/28/2014,T6G,1,519.6975,Canada
676,10/28/2014,T6G,1,761.1975,Canada
405,10/28/2014,T6S,1,1916.1975,Canada
487,10/28/2014,T6T,1,1102.4475,Canada
1228,3/16/2015,V5V,1,146.9475,Canada
2380,3/16/2015,V5M,1,330.6975,Canada
8,3/16/2015,V6H,2,944.475,Canada
981,3/23/2015,T6G,1,178.4475,Canada
520,3/24/2015,T6G,1,613.9875,Canada
1171,3/24/2015,V6A,1,372.6975,Canada
2225,4/6/2015,V6R,1,68.1975,Canada
761,4/6/2015,V6Z,1,194.1975,Canada
1129,4/30/2015,T2J,1,461.9475,Canada
978,4/30/2015,T6K,1,803.1975,Canada
1068,4/30/2015,R2G,1,406.8225,Canada
2055,4/30/2015,V7Y,1,656.1975,Canada
17,1/31/2015,T5W,1,402.675,Canada
1879,1/31/2015,T6E,1,976.4475,Canada
407,2/1/2015,T6E,1,1708.8225,Canada
1129,2/1/2015,T2Y,1,461.9475,Canada
1182,2/1/2015,T6E,1,209.9475,Canada
1391,2/16/2015,T6R,1,173.145,Canada
781,2/16/2015,T2H,1,105.9975,Canada
782,2/16/2015,T2H,1,105.9975,Canada
1392,2/16/2015,T6R,1,173.145,Canada
1000,11/27/2014,T3G,1,107.5725,Canada
506,11/27/2014,V6R,1,1296.6975,Canada
1142,10/16/2014,T6T,1,703.4475,Canada
746,10/16/2014,V6T,1,220.4475,Canada
733,10/17/2014,V6T,1,377.9475,Canada
489,10/17/2014,T6T,1,997.4475,Canada
734,10/17/2014,V6T,1,377.9475,Canada
1085,10/19/2014,V6T,1,91.8225,Canada
1223,10/19/2014,T6E,1,398.9475,Canada
907,10/19/2014,T5Y,1,608.9475,Canada
506,10/19/2014,T6R,1,1296.6975,Canada
1086,10/19/2014,V6T,1,91.8225,Canada
433,9/22/2014,T6J,1,997.4475,Canada
443,9/22/2014,T2C,1,923.7375,Canada
556,9/22/2014,T2C,1,855.6975,Canada
487,9/22/2014,T2C,1,1102.4475,Canada
1722,9/22/2014,V6R,1,86.5725,Canada
2396,9/22/2014,T1Y,1,115.4475,Canada
438,9/22/2014,T2C,1,997.4475,Canada
578,9/22/2014,T2C,1,787.4475,Canada
2224,10/31/2014,V5Z,1,68.1975,Canada
791,12/24/2014,V5Z,1,70.8225,Canada
792,12/24/2014,V5X,1,70.8225,Canada
2197,11/27/2014,T3R,1,238.8225,Canada
491,11/27/2014,T5Y,1,892.4475,Canada
1009,11/28/2014,T2X,1,112.8225,Canada
517,10/20/2014,T6E,1,682.2375,Canada
993,10/20/2014,V6L,1,367.4475,Canada
2064,10/20/2014,T2X,1,577.4475,Canada
520,10/20/2014,T6G,1,613.9875,Canada
1142,9/23/2014,T1Y,1,703.4475,Canada
2393,9/23/2014,R2G,1,110.1975,Canada
206,9/23/2014,V7Y,1,950.1975,Canada
2284,11/4/2014,T6E,1,346.4475,Canada
487,11/4/2014,T2Y,1,1102.4475,Canada
791,12/24/2014,T5H,2,141.645,Canada
793,12/24/2014,T5Y,1,89.1975,Canada
496,12/24/2014,V6G,1,928.9875,Canada
1845,12/24/2014,R2G,4,398.79,Canada
809,11/30/2014,T6G,1,230.9475,Canada
1085,11/30/2014,V5W,1,97.0725,Canada
2212,11/30/2014,V6J,1,91.8225,Canada
759,12/16/2014,V6T,1,165.3225,Canada
794,12/16/2014,V6T,1,89.1975,Canada
578,12/16/2014,T6G,1,787.4475,Canada
793,12/16/2014,V6T,1,89.1975,Canada
93,10/23/2014,V7W,1,1129.8,Canada
585,10/23/2014,T6E,1,419.9475,Canada
778,10/23/2014,T2J,1,125.9475,Canada
438,10/23/2014,T5Y,1,997.4475,Canada
487,10/23/2014,T2C,1,1102.4475,Canada
907,2/5/2015,V5N,1,608.9475,Canada
2332,2/16/2015,T5L,1,524.475,Canada
491,2/17/2015,T6T,1,944.9475,Canada
981,2/17/2015,T5K,1,178.4475,Canada
548,2/17/2015,T6K,1,519.6975,Canada
659,2/18/2015,V6R,1,1469.9475,Canada
1703,2/18/2015,V5N,1,107.5725,Canada
433,2/20/2015,T3G,1,997.4475,Canada
1183,3/31/2015,T6E,1,619.4475,Canada
407,6/24/2015,T1Y,1,1708.8225,Canada
433,10/23/2014,T2C,1,997.4475,Canada
720,5/14/2014,V6L,1,104.9475,Canada
1183,5/14/2014,T6G,1,750.6975,Canada
719,5/14/2014,V6L,1,104.9475,Canada
1681,5/15/2014,V6J,1,472.4475,Canada
2360,5/15/2014,V6T,1,608.475,Canada
1874,5/15/2014,T6T,1,839.9475,Canada
2064,5/15/2014,T1Y,1,645.6975,Canada
471,5/15/2014,V5V,1,958.0725,Canada
561,5/15/2014,V5V,1,745.4475,Canada
1182,5/15/2014,V7X,1,233.5725,Canada
1867,5/15/2014,T6R,1,944.9475,Canada
1869,5/15/2014,T2X,1,944.9475,Canada
585,5/15/2014,V5V,1,419.9475,Canada
465,5/15/2014,V5Z,1,1181.1975,Canada
471,5/15/2014,V5Z,1,958.0725,Canada
558,5/15/2014,V6N,1,1522.4475,Canada
115,5/23/2014,V6A,1,926.625,Canada
993,5/23/2014,V6S,1,432.6,Canada
407,5/23/2014,V6M,1,1708.8225,Canada
2219,5/23/2014,V6Z,1,172.725,Canada
2218,5/23/2014,V6Z,1,172.725,Canada
2360,5/23/2014,T2C,1,608.475,Canada
1103,5/24/2014,V6E,1,162.6975,Canada
1104,5/24/2014,V6E,1,162.6975,Canada
1134,5/24/2014,V6M,1,939.6975,Canada
451,5/24/2014,T1Y,1,963.3225,Canada
668,5/25/2014,R2C,1,1412.1975,Canada
506,5/25/2014,T6E,1,1359.6975,Canada
407,5/26/2014,V6T,1,1708.8225,Canada
2269,5/15/2014,V6Z,1,393.225,Canada
407,5/15/2014,T6J,1,1708.8225,Canada
817,5/16/2014,V6G,1,409.4475,Canada
407,5/16/2014,T2J,1,1708.8225,Canada
2399,5/16/2014,T3C,1,135.975,Canada
465,5/16/2014,T6V,1,1181.1975,Canada
1916,5/16/2014,T3G,1,346.4475,Canada
199,5/17/2014,T6E,1,1286.1975,Canada
449,5/17/2014,T5Y,1,1070.9475,Canada
781,5/17/2014,V6H,1,129.675,Canada
899,5/17/2014,T6W,1,617.4,Canada
902,5/17/2014,T6V,1,157.4475,Canada
782,5/17/2014,V6H,1,129.675,Canada
9,5/17/2014,V5Z,1,634.725,Canada
605,10/31/2014,T5Y,2,839.895,Canada
2098,10/31/2014,T6G,1,312.3225,Canada
506,5/24/2015,V6Z,1,1296.6975,Canada
615,5/24/2015,V5W,1,682.4475,Canada
1171,5/25/2015,R2G,1,356.9475,Canada
1347,5/25/2015,T5B,1,346.395,Canada
734,11/23/2014,V6H,1,398.9475,Canada
733,11/23/2014,V6H,1,398.9475,Canada
792,11/24/2014,T5L,1,70.8225,Canada
2206,12/29/2014,V6J,1,102.3225,Canada
2214,12/29/2014,V6M,5,1968.4875,Canada
2225,12/29/2014,V7P,1,68.1975,Canada
2275,12/29/2014,V6M,1,419.475,Canada
1060,12/29/2014,T6V,1,162.6975,Canada
1086,12/29/2014,T6V,1,110.1975,Canada
1089,12/29/2014,T6V,1,383.1975,Canada
650,6/24/2015,T6R,1,514.4475,Canada
1211,6/24/2015,T6E,1,719.1975,Canada
2295,6/24/2015,T2C,1,954.975,Canada
549,6/25/2015,V6A,1,551.1975,Canada
1220,6/25/2015,T6G,1,645.6975,Canada
1175,6/25/2015,V6T,1,635.1975,Canada
2284,6/25/2015,V5Z,1,366.975,Canada
457,6/25/2015,T6E,1,997.4475,Canada
1053,3/31/2015,T3C,1,293.9475,Canada
2275,3/31/2015,V5Z,1,388.4475,Canada
440,3/31/2015,T6G,1,1627.4475,Canada
2385,3/31/2015,V6Z,1,786.45,Canada
1009,4/1/2015,T6E,1,112.8225,Canada
793,12/29/2014,V6M,1,89.1975,Canada
636,1/18/2015,V6S,1,926.5725,Canada
778,12/29/2014,V6M,1,125.9475,Canada
1879,12/29/2014,T6W,1,976.4475,Canada
2207,12/29/2014,V6J,1,102.3225,Canada
2215,12/29/2014,V6M,5,1968.4875,Canada
2224,12/29/2014,V7P,1,68.1975,Canada
777,12/29/2014,V6M,1,125.9475,Canada
1090,12/29/2014,T6V,1,383.1975,Canada
596,11/1/2014,T6B,1,766.2375,Canada
1856,11/1/2014,T6E,1,110.1975,Canada
1053,11/2/2014,R2G,1,293.9475,Canada
1183,11/2/2014,V6T,1,606.3225,Canada
496,11/2/2014,V5V,1,928.9875,Canada
1085,3/18/2015,T5Y,1,91.8225,Canada
407,3/18/2015,T2J,1,1708.8225,Canada
2055,3/18/2015,V5N,1,656.1975,Canada
496,3/18/2015,T2J,1,928.9875,Canada
556,3/18/2015,V5V,1,866.1975,Canada
939,3/18/2015,T2X,1,367.4475,Canada
590,3/18/2015,T2X,1,892.4475,Canada
674,12/31/2014,T5W,1,724.2375,Canada
2045,12/31/2014,R2G,1,514.4475,Canada
2055,12/31/2014,T2X,1,585.3225,Canada
794,12/12/2014,T5X,1,89.1975,Canada
492,12/13/2014,T1Y,1,902.3175,Canada
556,12/13/2014,T1Y,1,855.6975,Canada
781,12/14/2014,T6H,1,110.1975,Canada
1086,12/14/2014,V6R,1,97.0725,Canada
793,12/14/2014,T5Y,1,89.1975,Canada
1009,12/14/2014,T5K,1,112.8225,Canada
794,12/14/2014,T5Y,1,89.1975,Canada
780,11/12/2014,T2E,1,346.4475,Canada
202,11/12/2014,V6A,1,1312.4475,Canada
779,11/12/2014,T2E,1,346.4475,Canada
826,11/12/2014,T2X,1,1202.1975,Canada
577,11/13/2014,T2C,1,1023.6975,Canada
2269,2/23/2015,V6A,1,328.0725,Canada
2237,2/24/2015,T6T,1,194.1975,Canada
2280,2/24/2015,T6R,1,170.5725,Canada
1991,2/24/2015,V5W,1,320.1975,Canada
2236,2/24/2015,T6T,1,194.1975,Canada
1175,2/24/2015,T6E,1,703.4475,Canada
819,2/24/2015,T5W,1,1294.0725,Canada
778,12/31/2014,T6R,1,125.9475,Canada
792,12/31/2014,V5V,1,70.8225,Canada
609,1/18/2015,V5V,1,839.9475,Canada
1178,1/19/2015,V7P,1,590.5725,Canada
457,1/19/2015,T6E,1,997.4475,Canada
1521,1/19/2015,V6A,1,524.895,Canada
1522,1/19/2015,V6A,1,524.895,Canada
782,12/14/2014,T6H,1,110.1975,Canada
1085,12/14/2014,V6R,1,97.0725,Canada
791,12/15/2014,V6M,1,70.8225,Canada
792,12/15/2014,T3G,1,70.8225,Canada
2069,3/30/2015,L5N,1,524.9475,Canada
1049,3/24/2015,R3S,1,257.1975,Canada
438,3/25/2015,M5N,1,960.4875,Canada
1183,3/25/2015,M7Y,1,606.3225,Canada
2239,7/31/2014,M4N,1,131.1975,Canada
1182,8/28/2014,K1N,1,209.9475,Canada
2060,8/28/2014,R3N,1,367.4475,Canada
1129,7/28/2014,K1R,1,461.9475,Canada
2207,7/28/2014,R3B,1,102.3225,Canada
2387,7/28/2014,R3H,1,530.1975,Canada
636,7/28/2014,M4Y,1,881.9475,Canada
1722,7/18/2014,R3G,1,86.5725,Canada
2225,8/29/2014,M4E,1,62.9475,Canada
206,7/3/2014,H1G,1,950.1975,Canada
206,7/3/2014,L5N,1,1025.6925,Canada
407,7/4/2014,R3M,1,1708.8225,Canada
487,7/4/2014,R3M,1,1102.4475,Canada
496,7/4/2014,M4V,1,928.9875,Canada
426,7/5/2014,R3B,1,976.4475,Canada
1908,7/28/2014,R3G,1,393.6975,Canada
433,7/28/2014,R3S,1,997.4475,Canada
2206,7/28/2014,R3B,1,102.3225,Canada
1809,7/16/2014,M5L,1,230.9475,Canada
1959,8/27/2014,M4V,1,78.6975,Canada
777,7/21/2014,R3G,1,125.9475,Canada
759,4/6/2015,M7Y,1,165.3225,Canada
438,4/6/2015,M4E,1,997.4475,Canada
676,4/6/2015,M6H,1,761.1975,Canada
556,4/6/2015,R3K,1,855.6975,Canada
699,4/6/2015,M4P,1,238.8225,Canada
826,3/26/2015,K1H,1,1044.6975,Canada
985,3/26/2015,R3V,1,813.6975,Canada
993,3/26/2015,M4E,1,367.4475,Canada
457,4/17/2015,M4E,1,997.4475,Canada
438,4/18/2015,H1G,1,997.4475,Canada
407,3/20/2015,L5P,1,1708.8225,Canada
2280,3/20/2015,R3B,1,170.5725,Canada
1053,7/21/2014,R3W,1,293.9475,Canada
1086,8/27/2014,R3P,1,91.8225,Canada
2206,8/27/2014,R3W,1,97.0725,Canada
585,8/27/2014,L5R,1,419.9475,Canada
1507,8/27/2014,K2P,1,94.395,Canada
2207,8/27/2014,R3W,1,97.0725,Canada
778,7/21/2014,R3G,1,125.9475,Canada
2354,7/21/2014,R3R,1,388.4475,Canada
819,7/21/2014,L5N,1,1228.4475,Canada
2144,7/21/2014,R3E,1,446.1975,Canada
1191,7/21/2014,L5N,1,288.6975,Canada
1175,7/22/2014,M7Y,1,650.9475,Canada
2207,7/7/2014,L5R,2,194.145,Canada
676,8/30/2014,R3M,1,761.1975,Canada
1140,8/31/2014,L5P,1,755.9475,Canada
438,8/31/2014,R3E,1,960.4875,Canada
440,8/19/2014,M4V,1,1627.4475,Canada
1053,8/19/2014,L5N,1,293.9475,Canada
615,8/19/2014,K1R,1,682.4475,Canada
3,8/19/2014,R3G,1,879.375,Canada
548,8/19/2014,M4V,1,519.6975,Canada
1175,8/20/2014,L5N,1,650.9475,Canada
2331,7/22/2014,M5P,1,650.475,Canada
1171,7/7/2014,M6J,1,356.9475,Canada
1893,7/7/2014,H1B,1,734.9475,Canada
633,3/21/2015,M4V,1,566.9475,Canada
590,3/21/2015,L5N,1,892.4475,Canada
577,3/21/2015,R3E,1,1023.6975,Canada
443,3/21/2015,L5R,1,923.7375,Canada
674,3/9/2015,R3V,1,692.9475,Canada
927,3/9/2015,M4S,1,514.4475,Canada
1049,3/9/2015,M7Y,1,257.1975,Canada
342,3/9/2015,H1B,1,734.7375,Canada
2090,1/27/2015,L5G,1,383.1975,Canada
676,1/28/2015,R3E,1,761.1975,Canada
1145,1/28/2015,L5R,1,335.9475,Canada
2055,12/9/2014,M6G,1,656.1975,Canada
1391,8/3/2014,R3G,1,183.645,Canada
1137,9/14/2014,M6H,1,745.4475,Canada
650,9/14/2014,M6H,1,514.4475,Canada
791,12/11/2014,R3H,2,141.645,Canada
792,12/11/2014,R3H,2,141.645,Canada
791,12/12/2014,M5X,1,70.8225,Canada
531,2/7/2015,M6H,1,629.7375,Canada
615,4/7/2015,L4Y,1,682.4475,Canada
676,4/7/2015,M6H,1,761.1975,Canada
734,3/10/2015,R3B,1,398.9475,Canada
965,3/10/2015,K1H,1,524.9475,Canada
674,3/10/2015,M5K,1,682.4475,Canada
2060,4/27/2015,M4V,1,367.4475,Canada
545,4/27/2015,R3B,1,902.9475,Canada
1053,8/24/2014,M7Y,1,293.9475,Canada
405,8/25/2014,L4X,1,1916.1975,Canada
440,8/25/2014,R3G,1,1627.4475,Canada
791,8/25/2014,M6S,1,70.8225,Canada
792,8/25/2014,M6S,1,70.8225,Canada
2169,8/25/2014,M6G,1,593.1975,Canada
981,8/7/2014,R3G,1,178.4475,Canada
359,8/7/2014,H1B,1,1144.2375,Canada
407,8/7/2014,L5P,1,1708.8225,Canada
939,8/8/2014,M5S,1,367.4475,Canada
438,8/8/2014,K1N,1,997.4475,Canada
548,8/9/2014,M7Y,1,519.6975,Canada
659,8/9/2014,M6G,1,1469.9475,Canada
440,8/9/2014,L4X,1,1627.4475,Canada
636,8/9/2014,K2B,1,926.5725,Canada
579,8/9/2014,M6G,1,1328.1975,Canada
407,8/14/2014,R3V,1,1708.8225,Canada
1392,8/3/2014,R3G,1,183.645,Canada
1086,8/12/2014,L5P,1,102.3225,Canada
1182,8/12/2014,H1B,1,215.1975,Canada
2058,8/12/2014,M6G,1,272.9475,Canada
487,8/12/2014,M7Y,1,1102.4475,Canada
1722,8/12/2014,M6G,1,86.5725,Canada
2076,8/12/2014,M6G,1,703.4475,Canada
2077,8/12/2014,M6H,1,367.4475,Canada
981,8/31/2014,M4E,1,178.4475,Canada
335,8/31/2014,M7Y,1,865.9875,Canada
907,8/31/2014,M7Y,1,608.9475,Canada
939,8/31/2014,R3N,1,383.1975,Canada
206,8/31/2014,M5X,1,871.4475,Canada
1078,6/28/2015,M4E,1,351.6975,Canada
1180,3/29/2015,M4E,1,524.9475,Canada
443,3/29/2015,R3H,1,923.7375,Canada
907,9/28/2014,T6G,1,629.9475,Canada
487,9/28/2014,V5V,1,1102.4475,Canada
491,9/28/2014,T2J,1,892.4475,Canada
1180,9/28/2014,T2X,1,514.4475,Canada
2336,9/28/2014,T6E,1,729.6975,Canada
1000,9/28/2014,T6E,1,107.5725,Canada
2055,9/28/2014,T2X,1,656.1975,Canada
559,9/28/2014,V5W,1,629.9475,Canada
733,9/9/2014,V7Y,1,398.9475,Canada
791,9/9/2014,V5Z,1,70.8225,Canada
2412,9/9/2014,T6C,2,215.145,Canada
1363,9/15/2014,T2J,1,204.645,Canada
760,9/15/2014,T6E,1,157.4475,Canada
2055,9/10/2014,V7W,1,656.1975,Canada
506,9/30/2014,V6T,1,1296.6975,Canada
733,9/30/2014,T6J,1,377.9475,Canada
1077,9/30/2014,T5K,1,351.6975,Canada
1078,9/30/2014,V7G,1,341.1975,Canada
2367,9/30/2014,V6T,1,471.975,Canada
491,9/30/2014,V5W,1,892.4475,Canada
761,10/6/2014,V5Z,1,194.1975,Canada
763,10/6/2014,V5V,1,333.3225,Canada
781,10/6/2014,T2Y,1,110.1975,Canada
793,10/6/2014,V5Z,1,89.1975,Canada
1995,10/6/2014,V6H,1,446.1975,Canada
650,11/7/2014,T2J,1,514.4475,Canada
577,11/9/2014,V5Z,1,1023.6975,Canada
440,11/9/2014,V5V,1,1627.4475,Canada
580,11/9/2014,V6H,1,834.4875,Canada
615,11/9/2014,T5B,1,682.4475,Canada
506,1/13/2015,R2G,1,1296.6975,Canada
1883,1/13/2015,V6S,1,761.1975,Canada
1129,1/14/2015,R2P,1,461.9475,Canada
1518,1/14/2015,V6S,1,230.895,Canada
1845,12/30/2014,R2G,3,299.0925,Canada
759,12/30/2014,T6J,1,165.3225,Canada
793,12/30/2014,T6K,1,89.1975,Canada
407,12/30/2014,T5V,1,1708.8225,Canada
781,12/30/2014,R2N,1,108.6225,Canada
791,12/30/2014,T6G,1,70.8225,Canada
792,12/30/2014,T2G,1,70.8225,Canada
793,12/30/2014,T6E,1,89.1975,Canada
253,12/31/2014,V5M,1,734.7375,Canada
791,12/31/2014,V5V,1,70.8225,Canada
759,12/22/2014,T6J,1,165.3225,Canada
2269,12/22/2014,V6R,2,739.2,Canada
2206,12/31/2014,V6J,1,97.0725,Canada
777,12/31/2014,T6R,1,125.9475,Canada
791,12/31/2014,V5Z,2,141.645,Canada
2218,12/31/2014,V6J,1,157.4475,Canada
506,11/10/2014,V6S,1,1296.6975,Canada
496,11/10/2014,V6R,1,944.9475,Canada
2092,1/14/2015,R2C,1,351.6975,Canada
1517,1/14/2015,V6S,1,230.895,Canada
556,1/15/2015,V7W,1,855.6975,Canada
240,1/16/2015,V5M,1,460.6875,Canada
430,1/17/2015,T2J,1,902.3175,Canada
2054,12/31/2014,T2X,1,603.6975,Canada
2207,12/31/2014,V6J,1,97.0725,Canada
2219,12/31/2014,V6J,1,157.4475,Canada
792,12/31/2014,V5Z,2,141.645,Canada
1145,3/31/2015,V6E,1,335.9475,Canada
2045,3/31/2015,V6Z,1,514.4475,Canada
491,4/9/2015,V5X,1,892.4475,Canada
478,4/9/2015,V6H,1,1417.4475,Canada
676,4/9/2015,T5C,1,761.1975,Canada
808,4/9/2015,T5K,1,343.8225,Canada
1182,4/9/2015,T5Y,1,236.1975,Canada
777,6/26/2015,T2P,1,128.5725,Canada
556,6/27/2015,V6Z,1,855.6975,Canada
2086,6/30/2015,T6E,1,241.4475,Canada
1061,6/30/2015,T5H,1,157.4475,Canada
1344,4/19/2015,V5V,2,734.79,Canada
2277,4/20/2015,T6E,1,293.9475,Canada
1086,4/20/2015,T6G,1,110.1975,Canada
1172,4/20/2015,T5H,1,477.6975,Canada
1496,4/20/2015,V6H,1,419.895,Canada
778,4/20/2015,T6E,1,128.5725,Canada
438,2/25/2015,T2C,1,997.4475,Canada
567,2/25/2015,T6K,1,876.6975,Canada
478,2/25/2015,T2C,1,1417.4475,Canada
585,2/26/2015,T1Y,1,419.9475,Canada
762,2/26/2015,T2J,1,194.1975,Canada
457,1/20/2015,R2G,1,997.4475,Canada
438,1/21/2015,V7W,1,997.4475,Canada
1172,1/21/2015,T2X,1,477.6975,Canada
115,1/21/2015,V7W,1,882,Canada
791,12/15/2014,T3G,1,70.8225,Canada
2138,12/15/2014,V5M,1,461.9475,Canada
759,12/16/2014,T1Y,1,165.3225,Canada
1763,1/1/2015,T6G,1,472.4475,Canada
1837,1/1/2015,T5K,1,162.6975,Canada
496,1/4/2015,V7Y,1,928.9875,Canada
1086,1/5/2015,T1Y,1,118.0725,Canada
2219,12/18/2014,T2L,1,152.1975,Canada
1009,12/18/2014,T6E,1,112.8225,Canada
793,12/18/2014,R2K,1,89.1975,Canada
2218,12/18/2014,T2L,1,152.1975,Canada
794,12/18/2014,R2K,1,89.1975,Canada
2206,12/18/2014,T2L,1,97.0725,Canada
778,12/19/2014,T2L,1,125.9475,Canada
782,12/19/2014,V5Z,1,110.1975,Canada
17,12/19/2014,V5N,1,402.675,Canada
791,12/19/2014,T6H,2,141.645,Canada
794,12/19/2014,T6H,2,178.395,Canada
793,12/19/2014,T6H,2,178.395,Canada
54,12/19/2014,V5Z,1,404.1975,Canada
506,2/26/2015,T1Y,1,1296.6975,Canada
628,2/26/2015,T6G,1,958.65,Canada
690,2/26/2015,T6E,1,367.4475,Canada
761,2/26/2015,T2J,1,194.1975,Canada
2269,2/26/2015,V6E,1,349.0725,Canada
792,1/22/2015,V5M,1,70.8225,Canada
2402,1/22/2015,T6G,1,345.975,Canada
487,1/22/2015,V5V,1,1102.4475,Canada
791,1/22/2015,V5M,1,70.8225,Canada
2388,1/24/2015,V6Z,1,335.9475,Canada
1496,1/25/2015,T2J,1,419.895,Canada
959,1/25/2015,V6S,1,863.5725,Canada
1104,11/30/2014,V5W,1,141.6975,Canada
1086,11/30/2014,V5W,1,97.0725,Canada
2055,11/30/2014,T5K,1,656.1975,Canada
793,12/1/2014,V6Z,1,86.5725,Canada
794,12/1/2014,V6Z,1,86.5725,Canada
407,2/27/2015,T2J,1,1708.8225,Canada
685,2/28/2015,T3C,1,787.4475,Canada
506,2/28/2015,T1Y,1,1296.6975,Canada
1053,11/24/2014,V7M,1,293.9475,Canada
520,11/24/2014,T2C,1,613.9875,Canada
2236,11/25/2014,T3G,1,194.1975,Canada
2224,12/29/2014,R2G,1,62.9475,Canada
2395,1/7/2015,R2G,1,157.4475,Canada
1060,1/8/2015,V5W,1,173.1975,Canada
1086,1/8/2015,V5W,1,91.8225,Canada
1059,1/8/2015,V5W,1,173.1975,Canada
1085,1/8/2015,V5W,1,91.8225,Canada
1000,1/9/2015,V6A,1,107.5725,Canada
438,1/10/2015,V5Z,1,997.4475,Canada
1916,1/11/2015,V6J,1,299.1975,Canada
2045,1/11/2015,V6T,1,493.4475,Canada
2225,12/29/2014,R2G,1,62.9475,Canada
792,12/30/2014,T6G,1,70.8225,Canada
794,12/30/2014,T6E,1,89.1975,Canada
760,12/30/2014,T6J,1,165.3225,Canada
793,12/30/2014,T2G,1,89.1975,Canada
1182,12/30/2014,V6T,1,215.1975,Canada
782,12/30/2014,R2N,1,108.6225,Canada
791,12/30/2014,T2G,1,70.8225,Canada
794,12/30/2014,T2G,1,89.1975,Canada
794,12/30/2014,T6K,1,89.1975,Canada
2045,12/30/2014,T5J,1,493.4475,Canada
791,12/21/2014,R2G,1,70.8225,Canada
2225,12/21/2014,T6E,1,60.3225,Canada
792,12/21/2014,R2G,1,70.8225,Canada
2224,12/21/2014,T6E,1,60.3225,Canada
781,12/22/2014,T2A,1,110.1975,Canada
1115,4/8/2015,V5V,1,422.5725,Canada
2218,4/8/2015,V5N,1,152.1975,Canada
578,4/8/2015,V6S,1,787.4475,Canada
599,4/9/2015,T2C,1,886.9875,Canada
835,4/9/2015,T6G,1,524.9475,Canada
2077,4/9/2015,T6E,1,388.4475,Canada
1212,2/5/2015,V5X,1,425.1975,Canada
438,3/17/2015,T6E,1,997.4475,Canada
491,2/20/2015,V6S,1,892.4475,Canada
506,2/21/2015,V6J,1,1296.6975,Canada
615,2/21/2015,T5B,1,682.4475,Canada
604,2/21/2015,T5K,1,524.9475,Canada
506,2/22/2015,R2G,1,1296.6975,Canada
1180,2/22/2015,T6E,1,514.4475,Canada
501,2/22/2015,T2C,1,1112.3175,Canada
2284,2/22/2015,T6G,1,346.4475,Canada
1053,3/31/2015,R2C,1,293.9475,Canada
1228,3/31/2015,V6R,1,146.9475,Canada
2045,3/31/2015,T5K,1,514.4475,Canada
793,11/6/2014,V6R,1,89.1975,Canada
939,11/6/2014,V6S,1,383.1975,Canada
1001,11/6/2014,V5X,1,425.1975,Canada
1085,1/5/2015,T1Y,1,118.0725,Canada
1049,1/5/2015,V6J,1,257.1975,Canada
2396,1/5/2015,V5V,1,115.4475,Canada
585,1/6/2015,V6H,1,419.9475,Canada
433,2/23/2015,T6E,1,997.4475,Canada
407,2/23/2015,T2C,1,1708.8225,Canada
2396,2/23/2015,V7Y,1,115.4475,Canada
676,2/23/2015,T2C,1,761.1975,Canada
438,2/23/2015,T2C,1,997.4475,Canada
615,3/6/2015,T6E,1,682.4475,Canada
516,3/7/2015,T2C,1,524.7375,Canada
690,3/7/2015,T2C,1,367.4475,Canada
549,3/31/2015,T6E,1,551.1975,Canada
1142,3/31/2015,T3C,1,703.4475,Canada
690,3/31/2015,T5H,1,367.4475,Canada
568,4/10/2015,T2J,1,878.85,Canada
548,4/10/2015,T1Y,1,519.6975,Canada
927,4/10/2015,T5H,1,514.4475,Canada
438,4/11/2015,T6R,1,997.4475,Canada
1180,4/12/2015,T6S,1,514.4475,Canada
1523,4/12/2015,V6S,1,367.395,Canada
761,1/7/2015,R2G,1,191.5725,Canada
1171,1/7/2015,R2G,1,356.9475,Canada
762,1/7/2015,R2G,1,191.5725,Canada
604,12/22/2014,T2J,1,524.9475,Canada
782,12/22/2014,T2A,1,110.1975,Canada
792,12/19/2014,T6H,2,141.645,Canada
55,12/19/2014,V5Z,1,404.1975,Canada
777,12/19/2014,T2L,1,125.9475,Canada
781,12/19/2014,V5Z,1,110.1975,Canada
2396,12/19/2014,T3C,1,115.4475,Canada
520,12/20/2014,T2J,1,613.9875,Canada
438,12/21/2014,V5Z,1,997.4475,Canada
1085,12/21/2014,V6Z,1,102.3225,Canada
2396,11/30/2014,V5V,1,115.4475,Canada
782,11/30/2014,T5K,1,110.1975,Canada
1078,11/30/2014,V5W,1,351.6975,Canada
2169,11/30/2014,T3G,1,540.6975,Canada
2213,11/30/2014,V6J,1,91.8225,Canada
945,11/30/2014,V6A,1,682.4475,Canada
478,11/30/2014,V6Z,1,1417.4475,Canada
985,2/27/2015,T6T,1,829.4475,Canada
506,2/27/2015,V5V,1,1296.6975,Canada
2055,2/27/2015,V6S,1,656.1975,Canada
487,2/27/2015,T2H,1,1102.4475,Canada
1495,1/25/2015,T2J,1,419.895,Canada
978,2/18/2015,T2J,1,803.1975,Canada
1180,2/18/2015,T6E,1,524.9475,Canada
981,2/18/2015,T6K,1,178.4475,Canada
760,12/22/2014,T6J,1,165.3225,Canada
945,12/22/2014,T5L,1,682.4475,Canada
791,12/23/2014,V5W,1,70.8225,Canada
2331,12/23/2014,T3G,1,614.1975,Canada
2045,5/31/2015,T5K,1,514.4475,Canada
2367,5/31/2015,T6E,1,471.975,Canada
977,7/11/2014,V6H,1,509.1975,Canada
1884,7/11/2014,T1Y,1,1038.9225,Canada
487,7/11/2014,V6M,1,1102.4475,Canada
579,7/12/2014,V5Z,1,1328.1975,Canada
487,7/12/2014,T1Y,1,1102.4475,Canada
590,7/12/2014,V6M,1,892.4475,Canada
426,7/12/2014,R2C,1,976.4475,Canada
604,7/12/2014,V6H,1,524.9475,Canada
1145,7/30/2014,R2G,1,335.9475,Canada
438,7/31/2014,T5C,1,960.4875,Canada
615,4/30/2015,V5W,1,682.4475,Canada
487,4/23/2015,T5H,1,1102.4475,Canada
204,4/23/2015,T5J,1,965.9475,Canada
2354,4/23/2015,T6T,1,388.4475,Canada
1126,6/1/2015,T2J,1,724.4475,Canada
1223,4/23/2015,T6B,1,398.9475,Canada
2275,2/19/2015,V6Z,1,388.4475,Canada
1009,2/19/2015,T6R,1,112.8225,Canada
183,2/19/2015,T6V,1,724.5,Canada
506,2/20/2015,T6G,1,1296.6975,Canada
520,2/20/2015,T2C,1,613.9875,Canada
939,2/20/2015,T3B,1,383.1975,Canada
1989,12/2/2014,V6C,1,393.6975,Canada
759,12/2/2014,V5Z,1,165.3225,Canada
760,12/2/2014,V5Z,1,165.3225,Canada
438,12/2/2014,T6T,1,997.4475,Canada
2085,12/3/2014,R2G,1,666.6975,Canada
1959,12/3/2014,V5V,1,78.6975,Canada
1958,12/3/2014,V5V,1,78.6975,Canada
1022,12/4/2014,T5K,1,157.4475,Canada
1959,12/4/2014,V6R,2,157.395,Canada
992,3/1/2015,T6E,1,278.1975,Canada
2350,3/1/2015,V5X,1,366.975,Canada
545,3/2/2015,V6H,1,902.9475,Canada
2277,3/2/2015,V6M,1,304.4475,Canada
2054,3/2/2015,V6A,1,640.4475,Canada
2058,3/2/2015,T2X,1,272.9475,Canada
828,3/2/2015,T6V,1,846.09,Canada
1722,3/2/2015,T5J,1,86.5725,Canada
26,3/13/2015,V6M,1,774.375,Canada
115,3/13/2015,V6A,1,892.5,Canada
1062,7/1/2014,R2G,1,146.9475,Canada
1846,7/1/2014,T6G,1,467.1975,Canada
487,7/26/2014,V6M,1,1102.4475,Canada
438,7/26/2014,V6H,1,960.4875,Canada
578,7/26/2014,V6A,1,787.4475,Canada
655,7/26/2014,V6G,1,985.425,Canada
487,7/26/2014,V5Z,1,1102.4475,Canada
1140,7/27/2014,T6E,1,771.6975,Canada
1171,7/27/2014,T6G,1,356.9475,Canada
438,7/27/2014,T5L,1,960.4875,Canada
1175,7/1/2014,T5K,1,614.1975,Canada
426,7/2/2014,T6R,1,976.4475,Canada
2218,2/13/2015,V6M,1,152.1975,Canada
115,2/15/2015,V6A,1,882,Canada
792,12/8/2014,T6H,1,70.8225,Canada
1118,12/8/2014,R2G,1,367.4475,Canada
2253,12/8/2014,V6B,1,136.4475,Canada
1244,12/8/2014,T6E,1,482.895,Canada
2252,12/8/2014,V6B,1,136.4475,Canada
2269,12/8/2014,T6G,1,328.0725,Canada
826,12/8/2014,T6B,1,1202.1975,Canada
2060,12/8/2014,V7Y,1,367.4475,Canada
1243,12/8/2014,T6E,1,482.895,Canada
2045,12/8/2014,V7Y,1,493.4475,Canada
791,12/8/2014,T6H,1,70.8225,Canada
2086,12/8/2014,V7Y,1,230.9475,Canada
1022,3/11/2015,T6G,1,157.4475,Canada
2197,3/11/2015,T5H,1,238.8225,Canada
1145,3/11/2015,T6E,1,335.9475,Canada
489,3/12/2015,T2C,1,997.4475,Canada
2275,3/12/2015,V6M,1,393.6975,Canada
2207,3/30/2015,T6W,1,102.3225,Canada
942,3/24/2015,T6E,1,614.1975,Canada
2069,3/24/2015,T2X,1,524.9475,Canada
1180,7/31/2014,T5K,1,514.4475,Canada
1995,7/31/2014,T6E,1,446.1975,Canada
2359,7/31/2014,V7W,1,477.6975,Canada
791,8/28/2014,T5H,1,70.8225,Canada
808,8/28/2014,T5H,1,343.8225,Canada
405,8/28/2014,T6S,1,1916.1975,Canada
609,7/27/2014,V6S,1,839.9475,Canada
2354,7/27/2014,V7W,1,388.4475,Canada
1982,7/28/2014,T5Y,1,330.6975,Canada
426,7/28/2014,V6J,1,976.4475,Canada
907,7/28/2014,T5K,1,608.9475,Canada
2332,7/28/2014,V6H,1,524.475,Canada
2345,7/28/2014,T3G,1,446.1975,Canada
636,7/20/2014,V5T,1,926.5725,Canada
792,8/28/2014,T5H,1,70.8225,Canada
789,8/29/2014,T2X,1,225.6975,Canada
609,8/29/2014,V6Z,1,839.9475,Canada
487,8/30/2014,T2C,1,1102.4475,Canada
545,7/3/2014,T6T,1,902.9475,Canada
487,7/3/2014,T6G,1,1102.4475,Canada
1810,7/3/2014,V6M,1,272.9475,Canada
438,7/5/2014,T2X,1,960.4875,Canada
412,7/5/2014,T6E,1,1627.4475,Canada
1129,7/6/2014,V6H,1,461.9475,Canada
1182,7/28/2014,V5M,1,209.9475,Canada
1115,7/28/2014,V5T,1,367.4475,Canada
578,7/20/2014,T5J,1,787.4475,Canada
826,7/20/2014,T5B,1,1044.6975,Canada
2368,7/21/2014,T2X,1,723.975,Canada
650,7/21/2014,V7Y,1,514.4475,Canada
702,7/21/2014,T2J,1,314.9475,Canada
438,2/15/2015,V5N,1,997.4475,Canada
2332,4/6/2015,T5J,1,529.725,Canada
206,4/6/2015,T6G,1,871.4475,Canada
1134,4/6/2015,T6E,1,881.9475,Canada
609,4/6/2015,V5V,1,839.9475,Canada
2224,4/6/2015,V6R,1,68.1975,Canada
438,4/6/2015,T6E,1,997.4475,Canada
3,3/26/2015,T6C,1,892.5,Canada
440,3/26/2015,T3R,1,1627.4475,Canada
959,3/26/2015,T2X,1,842.5725,Canada
556,4/17/2015,T6T,1,855.6975,Canada
963,4/17/2015,T6G,1,419.9475,Canada
506,4/18/2015,V5Z,1,1296.6975,Canada
438,3/19/2015,V6C,1,997.4475,Canada
491,3/20/2015,T5K,1,892.4475,Canada
2206,3/20/2015,V6Z,1,97.0725,Canada
2207,3/20/2015,V6Z,1,97.0725,Canada
487,8/27/2014,T6S,1,1102.4475,Canada
659,8/27/2014,V6H,1,1469.9475,Canada
1171,8/27/2014,T2X,1,356.9475,Canada
1916,8/27/2014,T2J,1,299.1975,Canada
977,8/19/2014,T3G,1,509.1975,Canada
1001,8/19/2014,T6W,1,430.4475,Canada
959,8/19/2014,T2X,1,842.5725,Canada
1140,7/21/2014,T2K,1,771.6975,Canada
2359,7/21/2014,T1Y,1,477.6975,Canada
438,7/21/2014,V6Z,1,960.4875,Canada
93,7/21/2014,T5W,1,1129.8,Canada
1229,7/21/2014,T1Y,1,288.6975,Canada
2225,7/22/2014,V5Z,1,62.9475,Canada
1053,7/6/2014,T2J,1,293.9475,Canada
433,8/30/2014,T6K,1,997.4475,Canada
690,8/30/2014,T6T,1,367.4475,Canada
599,8/30/2014,V6A,1,886.9875,Canada
438,8/31/2014,R2G,1,997.4475,Canada
734,8/31/2014,V6S,1,377.9475,Canada
506,8/19/2014,V5W,1,1296.6975,Canada
605,7/22/2014,V5Y,1,419.9475,Canada
2224,7/22/2014,V5Z,1,62.9475,Canada
1700,7/22/2014,V5N,1,104.9475,Canada
609,7/22/2014,R2C,1,839.9475,Canada
438,3/22/2015,V6M,1,997.4475,Canada
1137,3/1/2015,T2J,1,803.1975,Canada
1852,3/1/2015,T6C,1,173.1975,Canada
1999,3/1/2015,T6E,1,677.1975,Canada
556,3/1/2015,V6J,1,855.6975,Canada
407,3/12/2015,V5V,1,1708.8225,Canada
1086,3/18/2015,T5Y,1,91.8225,Canada
1212,3/18/2015,T3G,1,425.1975,Canada
2066,3/19/2015,V5Z,1,393.6975,Canada
1722,3/19/2015,V6S,1,86.5725,Canada
609,3/19/2015,V6Z,1,839.9475,Canada
978,3/8/2015,V6R,1,803.1975,Canada
438,3/8/2015,V5V,1,997.4475,Canada
605,3/8/2015,T1Y,1,419.9475,Canada
1530,3/9/2015,V6S,1,419.895,Canada
579,3/31/2015,T3G,1,1328.1975,Canada
491,4/12/2015,V6H,1,892.4475,Canada
1182,3/12/2015,T6E,1,215.1975,Canada
2155,3/12/2015,V5V,1,645.6975,Canada
702,3/12/2015,T3R,1,314.9475,Canada
2055,3/12/2015,V6A,1,656.1975,Canada
2099,3/12/2015,V6J,1,430.4475,Canada
907,3/13/2015,T6V,1,608.9475,Canada
590,3/13/2015,V5X,1,892.4475,Canada
819,3/13/2015,V5Z,1,1396.4475,Canada
792,12/23/2014,V5W,1,70.8225,Canada
778,7/15/2014,V5W,1,128.5725,Canada
438,7/15/2014,T6E,1,960.4875,Canada
2077,7/15/2014,V6H,1,388.4475,Canada
506,5/30/2015,T2K,1,1296.6975,Canada
1999,5/31/2015,R2G,1,677.1975,Canada
1391,5/31/2015,T6S,1,188.895,Canada
1507,5/31/2015,T2Y,1,89.145,Canada
1392,5/31/2015,T6S,1,188.895,Canada
1508,5/31/2015,T2Y,1,89.145,Canada
927,6/30/2015,T2X,1,514.4475,Canada
487,6/30/2015,T6M,1,1102.4475,Canada
1140,12/7/2014,V6T,1,771.6975,Canada
1229,3/3/2015,V6A,1,288.6975,Canada
2180,3/4/2015,T6G,1,467.1975,Canada
1180,3/11/2015,T3R,1,514.4475,Canada
1009,3/11/2015,T5J,1,112.8225,Canada
1129,3/24/2015,V6B,1,461.9475,Canada
556,3/24/2015,T3G,1,855.6975,Canada
615,3/24/2015,V6S,1,682.4475,Canada
993,2/12/2015,V5N,1,383.1975,Canada
939,2/12/2015,T6G,1,383.1975,Canada
2219,2/13/2015,V6M,1,152.1975,Canada
862,6/21/2015,V7W,1,194.1975,Canada
808,7/15/2014,T6S,1,338.5725,Canada
2361,7/15/2014,T2C,1,592.725,Canada
1172,7/16/2014,T5K,1,493.4475,Canada
2145,7/16/2014,T2J,1,404.1975,Canada
487,7/26/2014,V5T,1,1102.4475,Canada
981,7/17/2014,T5C,1,178.4475,Canada
578,7/17/2014,V7Y,1,787.4475,Canada
433,7/17/2014,V5W,1,997.4475,Canada
2354,7/17/2014,T6E,1,388.4475,Canada
2412,7/17/2014,T6E,1,107.5725,Canada
636,7/18/2014,V5Z,1,926.5725,Canada
977,7/18/2014,V6Z,1,524.9475,Canada
1722,7/18/2014,V7P,1,86.5725,Canada
930,7/31/2014,V5Z,1,556.4475,Canada
2064,7/31/2014,T6E,1,556.4475,Canada
826,7/31/2014,T6G,1,1044.6975,Canada
981,7/13/2014,T6J,1,178.4475,Canada
2225,7/13/2014,V7Y,1,62.9475,Canada
1183,7/13/2014,V7G,1,619.4475,Canada
1061,7/1/2014,R2G,1,146.9475,Canada
1830,7/1/2014,T6G,1,314.9475,Canada
793,12/10/2014,T6R,1,89.1975,Canada
794,12/10/2014,T6R,1,89.1975,Canada
793,12/11/2014,V5W,1,89.1975,Canada
438,3/31/2015,T6G,1,997.4475,Canada
978,3/31/2015,T6G,1,782.1975,Canada
2388,7/7/2014,V5Y,1,335.9475,Canada
965,7/7/2014,T2Z,1,524.9475,Canada
1407,7/8/2014,V6A,1,404.145,Canada
1182,8/31/2014,T6G,1,215.1975,Canada
2064,8/31/2014,T5Y,1,577.4475,Canada
2207,9/10/2014,V7M,2,204.645,Canada
491,9/10/2014,R2C,1,944.9475,Canada
2115,9/10/2014,T3G,1,619.4475,Canada
491,9/11/2014,V5V,1,944.9475,Canada
782,9/11/2014,T6G,1,105.9975,Canada
1231,8/20/2014,T5K,1,708.6975,Canada
2237,8/20/2014,V7M,1,183.6975,Canada
2280,8/20/2014,T6G,1,165.3225,Canada
927,8/20/2014,T6E,1,514.4475,Canada
2236,8/20/2014,V7M,1,183.6975,Canada
438,8/21/2014,V6T,1,960.4875,Canada
1434,8/21/2014,V6S,1,351.645,Canada
1722,8/21/2014,T3G,1,86.5725,Canada
501,8/21/2014,T5Y,1,1112.3175,Canada
1175,7/23/2014,T3G,1,614.1975,Canada
2225,7/23/2014,V6H,1,68.1975,Canada
1226,7/29/2014,T6J,1,572.1975,Canada
487,7/31/2014,R2L,2,2204.895,Canada
826,7/31/2014,V6R,1,1175.9475,Canada
1180,7/31/2014,T3G,1,524.9475,Canada
1183,7/31/2014,V6Z,1,606.3225,Canada
2255,7/31/2014,V6J,1,57.6975,Canada
1920,9/11/2014,T6T,1,278.1975,Canada
781,9/11/2014,T6G,1,105.9975,Canada
2350,9/11/2014,V5V,1,372.225,Canada
907,9/11/2014,V5N,1,608.9475,Canada
945,8/21/2014,T5C,1,682.4475,Canada
1433,8/21/2014,V6S,1,351.645,Canada
2359,8/21/2014,V5X,1,467.1975,Canada
993,8/22/2014,R2C,1,383.1975,Canada
762,8/22/2014,R2G,1,191.5725,Canada
2055,3/31/2015,V6H,1,656.1975,Canada
443,4/7/2015,T6G,1,923.7375,Canada
2379,3/25/2015,T6E,1,194.1975,Canada
585,3/25/2015,T6E,1,419.9475,Canada
1022,1/28/2015,T5Y,1,157.4475,Canada
1175,1/29/2015,V5W,1,635.1975,Canada
1180,1/29/2015,V5V,1,514.4475,Canada
1722,1/29/2015,V6H,1,86.5725,Canada
2117,1/29/2015,V5Z,1,682.4475,Canada
907,1/29/2015,T5L,1,608.9475,Canada
781,12/11/2014,V5W,1,108.6225,Canada
2269,12/11/2014,V6M,1,328.0725,Canada
782,12/11/2014,V5W,1,108.6225,Canada
2151,7/29/2014,T6G,1,524.9475,Canada
1175,7/29/2014,V7Y,1,614.1975,Canada
2361,7/29/2014,T6R,1,603.225,Canada
2379,7/29/2014,T6E,1,194.1975,Canada
1529,3/9/2015,V6S,1,419.895,Canada
516,3/9/2015,T2C,1,524.7375,Canada
1223,3/9/2015,V6A,1,398.9475,Canada
405,1/27/2015,T5Y,1,1916.1975,Canada
577,1/27/2015,V5W,1,1023.6975,Canada
2385,1/27/2015,T2X,1,797.475,Canada
2224,1/27/2015,V5Z,1,68.1975,Canada
2225,1/27/2015,V5Z,1,68.1975,Canada
2402,1/28/2015,T6E,1,320.1975,Canada
1180,1/28/2015,T6G,1,524.9475,Canada
1129,1/28/2015,V6N,1,461.9475,Canada
496,1/28/2015,V5Z,1,944.9475,Canada
2255,12/9/2014,V6G,1,62.9475,Canada
426,12/9/2014,T6G,1,928.9875,Canada
2254,12/9/2014,V6G,1,62.9475,Canada
1879,12/10/2014,V6S,1,976.4475,Canada
781,8/3/2014,V6G,1,108.6225,Canada
1183,8/3/2014,R2C,1,619.4475,Canada
1009,9/14/2014,T5J,1,107.5725,Canada
782,9/14/2014,V5T,1,108.6225,Canada
794,12/11/2014,V5W,1,89.1975,Canada
793,12/12/2014,T5X,1,89.1975,Canada
782,12/12/2014,V6H,1,108.6225,Canada
183,2/6/2015,T2X,1,724.5,Canada
599,4/7/2015,T5K,1,886.9875,Canada
615,4/7/2015,V5W,1,682.4475,Canada
907,4/8/2015,V7W,1,629.9475,Canada
1129,4/8/2015,T6W,1,461.9475,Canada
1520,3/10/2015,T5Y,1,225.645,Canada
2331,4/27/2015,T6G,1,655.725,Canada
578,4/27/2015,V7M,1,787.4475,Canada
1934,8/31/2014,T5E,1,136.4475,Canada
2376,8/31/2014,T6G,1,713.9475,Canada
491,8/31/2014,V7W,1,944.9475,Canada
2368,8/24/2014,V6S,1,734.475,Canada
2055,8/24/2014,T3G,1,656.1975,Canada
1009,8/25/2014,T5Y,1,112.8225,Canada
2206,8/25/2014,T2J,1,102.3225,Canada
2207,8/25/2014,T2J,1,102.3225,Canada
959,8/7/2014,T2J,1,842.5725,Canada
491,8/8/2014,T6W,1,944.9475,Canada
993,8/8/2014,T2A,1,383.1975,Canada
2359,8/8/2014,V5N,1,472.4475,Canada
487,8/9/2014,V7M,1,1102.4475,Canada
438,8/9/2014,V6J,1,960.4875,Canada
596,8/9/2014,V6J,1,766.2375,Canada
2369,8/14/2014,T3R,1,414.225,Canada
26,8/3/2014,T6W,1,774.375,Canada
959,8/4/2014,T1Y,1,842.5725,Canada
556,8/12/2014,T6E,1,855.6975,Canada
981,8/12/2014,V7Y,1,178.4475,Canada
1171,8/12/2014,V6G,1,356.9475,Canada
993,8/12/2014,T6G,1,383.1975,Canada
2236,8/12/2014,T1Y,1,183.6975,Canada
2393,8/12/2014,V7Y,1,110.1975,Canada
1115,8/31/2014,T3C,1,362.1975,Canada
2367,8/31/2014,V6S,1,471.975,Canada
1053,8/31/2014,V6G,1,293.9475,Canada
633,8/31/2014,V7W,1,566.9475,Canada
927,8/31/2014,T6E,1,514.4475,Canada
1320,6/28/2015,V6H,1,414.645,Canada
1182,3/29/2015,V6J,1,236.1975,Canada
2236,3/29/2015,T6E,1,194.1975,Canada
2036,4/14/2015,V5P,2,367.395,Canada
1137,4/14/2015,T3C,1,803.1975,Canada
2045,4/14/2015,T5B,1,514.4475,Canada
734,4/14/2015,T2X,1,398.9475,Canada
1212,4/14/2015,T5G,1,404.1975,Canada
1909,4/14/2015,V5P,2,414.645,Canada
1059,4/15/2015,T2N,1,162.6975,Canada
1134,4/15/2015,T6R,1,908.1975,Canada
443,4/15/2015,T6E,1,923.7375,Canada
2368,6/4/2015,V7W,1,723.975,Canada
478,6/4/2015,V6J,1,1417.4475,Canada
2367,6/4/2015,V5W,1,492.975,Canada
965,6/5/2015,T2J,1,524.9475,Canada
107,6/5/2015,T3G,1,572.5125,Canada
609,6/7/2015,T6V,1,839.9475,Canada
993,6/7/2015,T3G,1,367.4475,Canada
438,6/7/2015,V6M,1,997.4475,Canada
1060,4/15/2015,T2N,1,162.6975,Canada
1009,4/29/2015,T6G,1,112.8225,Canada
615,4/29/2015,T5X,1,682.4475,Canada
1180,4/29/2015,T2C,1,514.4475,Canada
2237,3/29/2015,T6E,1,194.1975,Canada
2055,6/28/2015,V5Z,1,656.1975,Canada
506,6/29/2015,R2L,1,1296.6975,Canada
993,6/29/2015,T6G,1,383.1975,Canada
674,6/29/2015,T6G,1,682.4475,Canada
2368,6/29/2015,T6V,1,765.975,Canada
993,6/29/2015,T6E,1,341.1975,Canada
1085,6/29/2015,V5T,1,91.8225,Canada
457,6/29/2015,T6G,1,997.4475,Canada
826,6/29/2015,T6G,1,1202.1975,Canada
348,6/29/2015,V5X,1,629.7375,Canada
1086,6/29/2015,V5T,1,91.8225,Canada
2090,6/30/2015,V6J,1,383.1975,Canada
3,6/30/2015,V5M,1,879.375,Canada
690,6/30/2015,V6J,1,367.4475,Canada
808,6/30/2015,V7W,1,343.8225,Canada
491,5/18/2015,T1Y,1,892.4475,Canada
556,5/1/2015,T5V,1,855.6975,Canada
1851,5/3/2015,R2G,1,325.4475,Canada
1009,5/3/2015,T5Y,1,112.8225,Canada
1009,5/3/2015,T5J,1,112.8225,Canada
2332,5/3/2015,T5L,1,534.975,Canada
978,5/3/2015,V6G,1,782.1975,Canada
2280,5/4/2015,V5Z,1,193.725,Canada
2380,5/4/2015,V6A,1,335.9475,Canada
2379,5/4/2015,V7Y,1,209.475,Canada
676,5/4/2015,T6T,1,761.1975,Canada
706,5/5/2015,T5J,1,283.4475,Canada
674,5/5/2015,T6G,1,682.4475,Canada
609,5/5/2015,T6E,1,839.9475,Canada
1229,5/5/2015,T6W,1,288.6975,Canada
605,5/6/2015,V6R,1,419.9475,Canada
945,3/29/2015,T6E,1,682.4475,Canada
491,5/10/2015,V5W,1,892.4475,Canada
1518,5/10/2015,V5V,1,230.895,Canada
1517,5/10/2015,V5V,1,230.895,Canada
659,5/10/2015,T6T,1,1469.9475,Canada
438,5/10/2015,R2G,1,997.4475,Canada
2225,4/15/2015,T2C,1,68.1975,Canada
977,4/15/2015,V6S,1,509.1975,Canada
2224,4/15/2015,T2C,1,68.1975,Canada
2207,4/15/2015,T5K,1,102.3225,Canada
487,4/15/2015,T6E,1,1102.4475,Canada
2186,4/15/2015,M5P,1,467.1975,Canada
977,6/4/2015,L5R,1,503.9475,Canada
1053,6/4/2015,L5N,1,293.9475,Canada
2367,6/4/2015,M5X,1,477.225,Canada
977,6/5/2015,L5N,1,519.6975,Canada
1171,6/7/2015,M5G,1,356.9475,Canada
2073,4/15/2015,M6H,1,377.9475,Canada
2345,4/15/2015,L5N,1,446.1975,Canada
2224,4/29/2015,R3G,1,62.9475,Canada
604,4/29/2015,R3G,1,524.9475,Canada
1183,4/29/2015,L5N,1,619.4475,Canada
2225,4/29/2015,R3G,1,62.9475,Canada
1180,4/29/2015,L5G,1,514.4475,Canada
183,6/28/2015,L5P,1,724.5,Canada
438,6/28/2015,M7Y,1,997.4475,Canada
407,6/29/2015,L5K,1,1708.8225,Canada
1043,6/29/2015,L5N,1,362.1975,Canada
2097,6/29/2015,R3H,1,488.1975,Canada
959,6/29/2015,R3C,1,863.5725,Canada
1009,6/29/2015,L5N,1,112.8225,Canada
690,6/29/2015,R3T,1,367.4475,Canada
2064,6/30/2015,H2Y,1,577.4475,Canada
2067,6/30/2015,H1G,1,551.1975,Canada
487,6/30/2015,H1B,1,1102.4475,Canada
1829,5/1/2015,M6S,1,330.6975,Canada
438,5/1/2015,K2P,1,997.4475,Canada
2238,5/3/2015,R2W,1,141.6975,Canada
2239,5/3/2015,R2W,1,141.6975,Canada
487,5/4/2015,M6H,1,1102.4475,Canada
496,5/5/2015,R3V,1,928.9875,Canada
930,5/5/2015,L5N,1,577.4475,Canada
2055,5/5/2015,R3S,1,656.1975,Canada
2115,5/5/2015,R3B,1,619.4475,Canada
1223,5/6/2015,M4V,1,398.9475,Canada
927,5/6/2015,K1A,1,640.4475,Canada
438,5/7/2015,L5T,1,997.4475,Canada
733,5/7/2015,L5N,1,398.9475,Canada
945,3/29/2015,L5G,1,682.4475,Canada
2295,3/29/2015,H1B,1,954.975,Canada
1089,3/29/2015,M5S,1,383.1975,Canada
1830,3/29/2015,M7Y,1,314.9475,Canada
690,3/30/2015,M4Y,1,367.4475,Canada
1863,5/8/2015,M5X,1,839.9475,Canada
2355,5/8/2015,M4R,1,661.4475,Canada
491,5/9/2015,M4V,1,892.4475,Canada
1212,5/10/2015,M6H,1,404.1975,Canada
1183,5/10/2015,H1B,1,606.3225,Canada
1000,5/10/2015,K1A,1,107.5725,Canada
1212,5/10/2015,M4P,1,454.0725,Canada
405,5/10/2015,R3H,1,1916.1975,Canada
487,5/10/2015,M5X,1,1102.4475,Canada
3,4/15/2015,M7Y,1,892.5,Canada
995,4/15/2015,R2W,1,593.1975,Canada
1180,4/15/2015,L5N,1,514.4475,Canada
835,4/15/2015,R2W,1,524.9475,Canada
1022,4/16/2015,L5R,1,157.4475,Canada
808,5/7/2015,R3G,1,377.9475,Canada
734,5/7/2015,L5N,1,398.9475,Canada
1223,4/13/2015,L5N,1,398.9475,Canada
593,4/13/2015,M5E,1,913.4475,Canada
2169,4/13/2015,M7Y,1,593.1975,Canada
2350,4/13/2015,K1N,1,372.225,Canada
438,4/13/2015,L5P,1,997.4475,Canada
1175,4/13/2015,M7Y,1,650.9475,Canada
1043,5/7/2015,L5P,1,362.1975,Canada
2379,5/8/2015,M5R,1,194.1975,Canada
2388,5/8/2015,M4P,1,346.4475,Canada
676,5/8/2015,R3V,1,761.1975,Canada
438,5/8/2015,L5N,1,997.4475,Canada
2368,4/14/2015,R3V,1,760.725,Canada
1182,4/14/2015,K1H,1,209.9475,Canada
1774,4/14/2015,L5P,1,839.9475,Canada
993,4/14/2015,M4J,1,383.1975,Canada
636,4/14/2015,L5N,1,881.9475,Canada
604,4/14/2015,K1Y,1,524.9475,Canada
615,3/27/2015,M6H,1,682.4475,Canada
443,3/28/2015,M5X,1,923.7375,Canada
443,3/28/2015,M6H,1,923.7375,Canada
487,3/28/2015,M6H,1,1102.4475,Canada
487,3/28/2015,M6J,1,1102.4475,Canada
1115,3/29/2015,M6H,1,396.3225,Canada
2054,3/29/2015,M5L,1,603.6975,Canada
1090,3/29/2015,M5S,1,383.1975,Canada
1183,3/30/2015,R2V,1,606.3225,Canada
2332,3/30/2015,L5R,1,524.475,Canada
578,3/30/2015,M4V,1,787.4475,Canada
1086,3/30/2015,M4P,1,118.0725,Canada
1126,3/30/2015,R3G,1,724.4475,Canada
1171,5/11/2015,M7Y,1,356.9475,Canada
1995,5/11/2015,M5L,1,446.1975,Canada
1171,5/18/2015,M5L,1,356.9475,Canada
2379,7/9/2014,L5N,1,194.1975,Canada
487,7/9/2014,R3V,1,1102.4475,Canada
636,7/9/2014,L5N,1,926.5725,Canada
244,8/10/2014,M7Y,1,629.7375,Canada
556,4/16/2015,R3G,1,855.6975,Canada
578,4/16/2015,K2P,1,787.4475,Canada
1212,4/16/2015,L4Y,1,404.1975,Canada
907,3/30/2015,M5B,1,629.9475,Canada
2275,3/30/2015,H1B,1,372.6975,Canada
506,3/30/2015,M6G,1,1296.6975,Canada
907,7/30/2014,L4X,1,656.1975,Canada
927,7/14/2014,R3G,1,514.4475,Canada
2098,7/14/2014,M6G,1,325.4475,Canada
412,8/10/2014,M5L,1,1627.4475,Canada
2269,7/24/2014,R3V,1,343.8225,Canada
2269,7/24/2014,M6H,1,333.3225,Canada
578,8/11/2014,L5P,1,787.4475,Canada
1507,7/8/2014,K1Z,1,94.395,Canada
1000,7/13/2014,R3E,1,112.8225,Canada
927,8/11/2014,H1B,1,514.4475,Canada
690,8/11/2014,R3E,1,367.4475,Canada
1085,8/12/2014,L5P,1,102.3225,Canada
2359,8/12/2014,M5P,1,477.6975,Canada
2379,7/13/2014,M6J,1,194.1975,Canada
585,7/13/2014,R3V,1,419.9475,Canada
1129,7/13/2014,K1R,1,461.9475,Canada
2055,7/14/2014,H1B,1,656.1975,Canada
826,7/14/2014,M5X,1,1175.9475,Canada
1183,7/10/2014,M6H,1,606.3225,Canada
1118,11/19/2014,T5W,1,367.4475,Canada
585,11/20/2014,T6W,1,419.9475,Canada
487,11/21/2014,T5K,1,1102.4475,Canada
781,12/28/2014,T3G,1,108.6225,Canada
792,12/28/2014,V5K,1,70.8225,Canada
794,12/28/2014,T2C,1,89.1975,Canada
1059,12/29/2014,T6V,1,162.6975,Canada
1085,12/29/2014,T6V,1,110.1975,Canada
2269,12/29/2014,V6M,1,366.975,Canada
794,12/29/2014,V6M,1,89.1975,Canada
760,12/16/2014,V6T,1,165.3225,Canada
760,12/16/2014,T1Y,1,165.3225,Canada
1062,12/17/2014,V5Z,1,146.9475,Canada
1061,12/17/2014,V5Z,1,146.9475,Canada
1085,12/17/2014,V6C,1,102.3225,Canada
777,10/23/2014,T2J,1,125.9475,Canada
332,10/24/2014,R2C,1,944.7375,Canada
733,10/24/2014,T6G,1,377.9475,Canada
734,10/24/2014,T6G,1,377.9475,Canada
2090,10/31/2014,T5L,1,383.1975,Canada
676,2/10/2015,V5V,1,761.1975,Canada
1175,2/11/2015,V6M,1,650.9475,Canada
534,2/11/2015,T6E,1,524.7375,Canada
2218,2/11/2015,T6T,1,152.1975,Canada
2219,2/11/2015,T6T,1,152.1975,Canada
440,2/11/2015,V6S,1,1627.4475,Canada
1958,12/4/2014,V6R,2,157.395,Canada
1959,12/4/2014,V6T,2,157.395,Canada
907,12/4/2014,T6G,1,608.9475,Canada
1958,12/4/2014,V6T,2,157.395,Canada
2084,5/11/2015,V6Z,1,687.6975,Canada
1182,5/11/2015,V5V,1,209.9475,Canada
2355,5/11/2015,V6Z,1,624.6975,Canada
478,5/11/2015,T1Y,1,1417.4475,Canada
2224,5/11/2015,V6Z,1,62.9475,Canada
1182,5/12/2015,T2C,1,215.1975,Canada
1145,5/12/2015,T3G,1,335.9475,Canada
183,5/12/2015,T2X,1,724.5,Canada
945,5/12/2015,V6S,1,682.4475,Canada
1001,5/12/2015,V6R,1,430.4475,Canada
1000,5/13/2015,V5Z,1,112.8225,Canada
1705,5/13/2015,V5N,1,146.9475,Canada
2090,5/13/2015,T2C,1,356.9475,Canada
2354,5/13/2015,T2A,1,388.4475,Canada
690,5/14/2015,V7M,1,367.4475,Canada
1180,5/14/2015,T3G,1,524.9475,Canada
457,5/14/2015,V7L,1,997.4475,Canada
1212,5/14/2015,T6V,1,425.1975,Canada
1180,5/20/2015,R2G,1,514.4475,Canada
1697,5/21/2015,T5H,1,236.1975,Canada
1706,5/21/2015,T5H,1,236.1975,Canada
1875,5/21/2015,T6S,1,1076.1975,Canada
659,5/21/2015,V5X,1,1469.9475,Canada
905,5/21/2015,V6T,1,603.6975,Canada
1182,5/21/2015,V5X,1,236.1975,Canada
487,5/21/2015,T2C,1,1102.4475,Canada
1180,5/21/2015,T3G,1,514.4475,Canada
1212,5/21/2015,T3G,1,388.4475,Canada
1722,5/21/2015,T3C,1,86.5725,Canada
1129,5/21/2015,T2C,1,461.9475,Canada
819,5/22/2015,V6A,1,1396.4475,Canada
506,5/24/2015,V7K,1,1296.6975,Canada
1137,6/11/2015,T2J,1,745.4475,Canada
2379,6/12/2015,T5C,1,209.475,Canada
2368,6/12/2015,T2X,1,734.475,Canada
487,6/12/2015,T6S,1,1102.4475,Canada
995,6/17/2015,T2Y,1,593.1975,Canada
2350,6/17/2015,T5K,1,372.225,Canada
1134,6/17/2015,T2C,1,908.1975,Canada
1714,6/17/2015,T3G,1,104.9475,Canada
578,6/17/2015,T6G,1,787.4475,Canada
115,5/27/2015,T5Y,1,892.5,Canada
1145,5/18/2015,T6K,1,335.9475,Canada
585,5/18/2015,T6G,1,419.9475,Canada
927,5/18/2015,T6T,1,514.4475,Canada
585,5/19/2015,T5V,1,419.9475,Canada
2388,6/15/2015,V6G,1,335.9475,Canada
496,4/20/2015,V6R,1,944.9475,Canada
777,4/20/2015,T6E,1,128.5725,Canada
1495,4/20/2015,V6H,1,419.895,Canada
650,4/20/2015,V5T,1,514.4475,Canada
2367,4/20/2015,V5N,1,492.975,Canada
1000,4/20/2015,T6E,1,107.5725,Canada
1085,4/20/2015,T6G,1,110.1975,Canada
478,4/21/2015,V7M,1,1417.4475,Canada
1182,4/23/2015,T6G,1,225.6975,Canada
1223,4/23/2015,T6J,1,398.9475,Canada
999,4/29/2015,V6S,1,782.1975,Canada
927,4/30/2015,T5H,1,514.4475,Canada
1049,4/30/2015,T1Y,1,257.1975,Canada
1995,4/30/2015,T6G,1,446.1975,Canada
2395,4/30/2015,T5K,1,167.475,Canada
1229,5/28/2015,V5X,1,288.6975,Canada
2015,5/28/2015,T6B,1,341.1975,Canada
2400,5/28/2015,T6K,1,89.1975,Canada
487,5/28/2015,V6M,1,1102.4475,Canada
491,5/28/2015,V6S,1,892.4475,Canada
927,5/28/2015,T6G,1,451.4475,Canada
2136,4/21/2015,V5M,1,451.4475,Canada
438,4/21/2015,V6Z,1,997.4475,Canada
2199,4/30/2015,V5N,1,204.6975,Canada
506,4/30/2015,T6W,1,1296.6975,Canada
927,5/29/2015,V7M,1,514.4475,Canada
1022,5/19/2015,V5Z,1,157.4475,Canada
1085,5/19/2015,T6E,1,118.0725,Canada
165,5/19/2015,T2C,1,671.7375,Canada
2224,5/19/2015,T6E,1,68.1975,Canada
457,5/19/2015,T6S,1,997.4475,Canada
1086,5/19/2015,T6E,1,118.0725,Canada
826,5/19/2015,T6G,1,1202.1975,Canada
501,5/19/2015,V5L,1,1112.3175,Canada
2225,5/19/2015,T6E,1,68.1975,Canada
1182,4/21/2015,V6Z,1,209.9475,Canada
2150,4/21/2015,T6E,1,514.4475,Canada
1067,4/30/2015,R2G,1,406.8225,Canada
2206,4/15/2015,T5K,1,102.3225,Canada
1879,4/15/2015,T6T,1,944.9475,Canada
2395,4/15/2015,T2L,1,157.4475,Canada
506,4/29/2015,V6L,1,1296.6975,Canada
1183,4/29/2015,T3G,1,619.4475,Canada
2269,4/29/2015,T3G,1,328.0725,Canada
1223,5/7/2015,T6E,1,398.9475,Canada
2367,5/7/2015,T5K,1,471.975,Canada
1182,4/13/2015,T6G,1,225.6975,Canada
676,5/8/2015,T3G,1,761.1975,Canada
183,5/8/2015,T3C,1,724.5,Canada
733,4/14/2015,T2X,1,398.9475,Canada
1212,6/23/2015,M6P,1,404.1975,Canada
2393,6/23/2015,R3T,1,114.975,Canada
826,6/24/2015,H3H,1,1160.1975,Canada
2334,6/24/2015,M4V,1,382.725,Canada
415,10/23/2014,L5T,1,958.0725,Canada
794,11/19/2014,M7Y,2,178.395,Canada
963,11/20/2014,R3G,1,419.9475,Canada
793,11/21/2014,M6H,1,89.1975,Canada
359,11/21/2014,L5N,1,1144.2375,Canada
791,11/21/2014,K2P,1,70.8225,Canada
794,11/21/2014,M6H,1,89.1975,Canada
792,12/28/2014,M4P,1,70.8225,Canada
782,12/28/2014,R3V,1,110.1975,Canada
794,12/28/2014,R3X,1,89.1975,Canada
2252,12/28/2014,L5G,1,136.4475,Canada
26,12/28/2014,L5P,1,774.375,Canada
760,12/28/2014,M4V,1,165.3225,Canada
791,12/28/2014,R3V,1,70.8225,Canada
792,12/28/2014,R3H,1,70.8225,Canada
793,12/28/2014,R3T,2,178.395,Canada
794,12/28/2014,R3V,1,89.1975,Canada
2237,12/28/2014,L5G,1,181.0725,Canada
791,12/29/2014,R3R,1,70.8225,Canada
1182,12/29/2014,K1R,1,209.9475,Canada
2207,12/29/2014,R3H,1,102.3225,Canada
782,12/16/2014,R3X,1,108.6225,Canada
1137,12/16/2014,L5N,1,803.1975,Canada
1707,12/16/2014,M5L,1,125.9475,Canada
676,12/16/2014,M5X,1,761.1975,Canada
792,12/16/2014,R3E,1,70.8225,Canada
808,12/17/2014,R3G,1,377.9475,Canada
734,12/17/2014,L5T,1,398.9475,Canada
782,12/17/2014,R3R,1,108.6225,Canada
781,12/17/2014,R3S,1,110.1975,Canada
793,12/4/2014,R3E,1,89.1975,Canada
793,12/4/2014,M5X,1,89.1975,Canada
438,12/4/2014,M5L,1,997.4475,Canada
26,12/4/2014,R3G,1,774.375,Canada
702,12/4/2014,L5T,1,314.9475,Canada
1022,12/4/2014,L5R,1,157.4475,Canada
2280,12/4/2014,M7Y,1,175.8225,Canada
794,12/4/2014,R3E,1,89.1975,Canada
794,12/4/2014,M5X,1,89.1975,Canada
2367,5/11/2015,L5N,1,471.975,Canada
559,5/11/2015,M7Y,1,629.9475,Canada
1722,5/11/2015,R3A,1,86.5725,Canada
636,5/12/2015,M5X,1,881.9475,Canada
237,5/12/2015,L5T,1,524.7375,Canada
835,5/13/2015,M5R,1,524.9475,Canada
927,5/13/2015,R3G,1,503.9475,Canada
2055,5/13/2015,L5N,1,656.1975,Canada
702,5/13/2015,K2A,1,312.3225,Canada
1145,5/13/2015,M6G,1,335.9475,Canada
183,5/13/2015,M7Y,1,724.5,Canada
549,5/14/2015,M4V,1,551.1975,Canada
1000,5/14/2015,K1H,1,107.5725,Canada
1995,5/14/2015,H1B,1,446.1975,Canada
1175,5/21/2015,K1H,1,703.4475,Canada
438,5/21/2015,H1B,1,997.4475,Canada
2090,5/21/2015,M6S,1,383.1975,Canada
1171,5/21/2015,R3G,1,356.9475,Canada
1182,5/21/2015,R3G,1,225.6975,Canada
590,5/22/2015,M4V,1,892.4475,Canada
1009,6/11/2015,L5P,1,112.8225,Canada
545,6/17/2015,K1R,1,902.9475,Canada
207,6/17/2015,M5X,1,986.9475,Canada
440,6/17/2015,R3G,1,1627.4475,Canada
777,6/17/2015,R3G,1,128.5725,Canada
2396,5/18/2015,L5R,1,115.4475,Canada
1000,5/19/2015,R3V,2,225.645,Canada
2365,4/20/2015,M5P,1,540.225,Canada
676,4/20/2015,R3B,1,761.1975,Canada
206,4/30/2015,R3V,1,950.1975,Canada
1059,4/30/2015,R3N,1,157.4475,Canada
2367,4/30/2015,R3H,1,471.975,Canada
556,4/30/2015,M7Y,1,855.6975,Canada
835,4/30/2015,M5X,1,524.9475,Canada
1182,5/28/2015,L5N,1,215.1975,Canada
2241,5/28/2015,M4P,1,89.1975,Canada
2395,4/21/2015,L5R,1,157.4475,Canada
1000,4/21/2015,L5P,1,112.8225,Canada
2379,4/30/2015,R3G,1,194.1975,Canada
615,5/29/2015,R3H,1,682.4475,Canada
2207,5/29/2015,R3V,1,102.3225,Canada
2385,5/29/2015,M4V,1,712.95,Canada
826,5/29/2015,L5N,1,1202.1975,Canada
2218,5/29/2015,M6S,1,157.4475,Canada
2368,5/29/2015,M7Y,1,734.475,Canada
567,5/30/2015,L5G,1,876.6975,Canada
487,5/30/2015,K1R,1,1102.4475,Canada
927,4/22/2015,L5R,1,514.4475,Canada
1145,4/22/2015,M4V,1,335.9475,Canada
2331,5/19/2015,K1A,1,650.475,Canada
762,5/19/2015,M5X,1,194.1975,Canada
927,5/19/2015,R3T,1,640.4475,Canada
977,5/19/2015,R3B,1,524.9475,Canada
2379,5/19/2015,L5N,1,209.475,Canada
939,5/19/2015,R3T,1,383.1975,Canada
2380,5/19/2015,H3A,1,335.9475,Canada
761,5/19/2015,M5X,1,194.1975,Canada
826,4/21/2015,K1A,1,1202.1975,Canada
939,4/21/2015,R3X,1,367.4475,Canada
1053,4/30/2015,M5B,1,293.9475,Canada
438,4/30/2015,R3X,1,997.4475,Canada
487,7/10/2014,M5L,1,1102.4475,Canada
2350,7/10/2014,L5N,1,372.225,Canada
615,7/16/2014,M6H,1,682.4475,Canada
487,7/17/2014,L5N,1,1102.4475,Canada
1692,7/17/2014,R3H,2,199.395,Canada
1182,7/17/2014,R3V,1,209.9475,Canada
487,7/17/2014,L5P,1,1102.4475,Canada
1889,5/17/2015,L5P,1,724.4475,Canada
1180,4/30/2015,R3N,1,524.9475,Canada
2214,4/30/2015,R3B,1,393.6975,Canada
1244,5/28/2015,R3V,1,482.895,Canada
2332,5/28/2015,L5R,1,534.975,Canada
981,5/28/2015,R2W,1,178.4475,Canada
1529,5/28/2015,M6G,1,419.895,Canada
491,5/28/2015,H1B,1,892.4475,Canada
907,4/14/2015,T2C,1,656.1975,Canada
2091,4/14/2015,V5P,2,367.395,Canada
2224,3/27/2015,T6J,1,68.1975,Canada
506,3/28/2015,V6G,1,1296.6975,Canada
927,3/29/2015,T6G,1,514.4475,Canada
2280,3/29/2015,V5W,1,170.5725,Canada
2332,4/29/2015,T5H,1,524.475,Canada
1086,3/30/2015,V7W,1,110.1975,Canada
1228,3/30/2015,V7W,1,146.9475,Canada
457,3/30/2015,R2G,1,997.4475,Canada
1134,3/30/2015,T5K,1,881.9475,Canada
2206,3/30/2015,T6W,1,102.3225,Canada
407,3/30/2015,V7Y,1,1708.8225,Canada
1987,3/30/2015,R2G,1,183.6975,Canada
2396,5/10/2015,R2C,1,115.4475,Canada
1229,5/10/2015,T6M,1,288.6975,Canada
491,5/11/2015,V6B,1,892.4475,Canada
907,5/11/2015,T2C,1,629.9475,Canada
2225,5/11/2015,V6Z,1,62.9475,Canada
2331,5/11/2015,V5Z,1,697.725,Canada
959,5/11/2015,T6K,1,863.5725,Canada
443,7/9/2014,V7W,1,923.7375,Canada
2237,7/9/2014,T6E,1,183.6975,Canada
2379,7/9/2014,T6E,1,194.1975,Canada
761,8/10/2014,V6R,1,194.1975,Canada
605,8/10/2014,V5W,1,419.9475,Canada
609,4/16/2015,V5Z,1,839.9475,Canada
433,4/16/2015,V5T,1,997.4475,Canada
604,4/16/2015,V6B,1,524.9475,Canada
734,3/30/2015,V7X,1,425.1975,Canada
2350,3/30/2015,T5H,1,372.225,Canada
945,3/30/2015,T6E,1,682.4475,Canada
1183,7/30/2014,V7X,1,606.3225,Canada
2055,7/30/2014,V6Z,1,656.1975,Canada
2054,7/14/2014,V6J,1,640.4475,Canada
2412,7/14/2014,R2G,2,215.145,Canada
1086,7/14/2014,T6J,1,97.0725,Canada
2350,7/14/2014,T5Y,1,366.975,Canada
433,7/14/2014,V6J,1,997.4475,Canada
2134,7/14/2014,V6S,1,498.6975,Canada
777,7/15/2014,V5W,1,128.5725,Canada
1009,7/9/2014,T5Y,1,112.8225,Canada
438,8/10/2014,T6E,1,960.4875,Canada
781,8/10/2014,V6R,1,108.6225,Canada
1995,8/10/2014,V7K,1,446.1975,Canada
854,8/10/2014,T1Y,1,755.9475,Canada
1852,8/10/2014,V7Y,1,173.1975,Canada
762,8/10/2014,V6R,1,194.1975,Canada
2224,7/23/2014,V6H,1,68.1975,Canada
443,7/23/2014,T6G,1,923.7375,Canada
1852,7/23/2014,R2G,1,173.1975,Canada
580,7/23/2014,T3G,1,834.4875,Canada
2215,7/24/2014,T1Y,1,393.6975,Canada
2214,7/24/2014,T1Y,1,393.6975,Canada
1171,8/11/2014,V7M,1,356.9475,Canada
690,8/11/2014,T6E,1,367.4475,Canada
2359,8/11/2014,V6T,1,467.1975,Canada
1982,7/8/2014,T5Y,1,330.6975,Canada
1408,7/8/2014,V6A,1,404.145,Canada
496,7/8/2014,T2C,1,928.9875,Canada
2367,7/8/2014,V5Z,1,471.975,Canada
2236,7/9/2014,T6E,1,183.6975,Canada
993,7/9/2014,V7W,1,383.1975,Canada
1009,7/9/2014,T6G,1,112.8225,Canada
907,8/11/2014,V5Z,1,603.6975,Canada
578,8/11/2014,T6T,1,787.4475,Canada
1126,8/11/2014,T6E,1,724.4475,Canada
746,7/13/2014,V5V,2,440.895,Canada
745,7/13/2014,V5V,2,440.895,Canada
2224,7/13/2014,V7Y,1,62.9475,Canada
1085,7/14/2014,T6J,1,97.0725,Canada
1228,7/14/2014,T6B,1,136.4475,Canada
1852,8/12/2014,T6V,1,173.1975,Canada
496,7/10/2014,V7W,1,928.9875,Canada
585,7/16/2014,T5B,1,419.9475,Canada
605,7/16/2014,T5B,1,419.9475,Canada
443,7/17/2014,V6J,1,923.7375,Canada
2365,7/17/2014,T6E,1,529.725,Canada
383,7/17/2014,V7M,1,629.7375,Canada
545,7/17/2014,T6T,1,902.9475,Canada
1137,7/17/2014,V6S,1,745.4475,Canada
604,3/30/2015,T1Y,1,524.9475,Canada
478,3/30/2015,V6T,1,1417.4475,Canada
1180,5/17/2015,T6V,1,524.9475,Canada
2045,4/30/2015,V6T,1,514.4475,Canada
496,4/30/2015,V6Z,1,944.9475,Canada
636,4/30/2015,T6S,1,926.5725,Canada
826,5/28/2015,T1Y,1,1202.1975,Canada
1129,5/28/2015,T2Y,1,461.9475,Canada
1009,5/28/2015,V5Z,1,112.8225,Canada
1392,5/28/2015,T2X,1,188.895,Canada
2354,5/28/2015,T2Y,1,388.4475,Canada
1907,5/28/2015,T5H,1,997.4475,Canada
506,5/28/2015,V6Z,1,1296.6975,Canada
2388,4/21/2015,T2C,1,346.4475,Canada
674,4/22/2015,V5Z,1,682.4475,Canada
2389,4/22/2015,V5N,1,881.475,Canada
1070,4/22/2015,V6Z,1,157.4475,Canada
1053,4/30/2015,V7W,1,293.9475,Canada
207,4/30/2015,T5J,1,986.9475,Canada
549,4/30/2015,V6S,1,551.1975,Canada
2055,3/30/2015,T3G,1,656.1975,Canada
2086,3/30/2015,T5Y,1,241.4475,Canada
491,3/30/2015,R2C,1,944.9475,Canada
733,3/30/2015,V7X,1,425.1975,Canada
1085,3/30/2015,V7W,1,110.1975,Canada
1183,3/30/2015,V7X,1,606.3225,Canada
202,4/22/2015,V6S,1,1312.4475,Canada
1069,4/22/2015,V6Z,1,157.4475,Canada
438,4/22/2015,T5K,1,997.4475,Canada
438,4/23/2015,V6M,1,997.4475,Canada
487,4/23/2015,T6E,1,1102.4475,Canada
2396,5/27/2015,T3C,1,89.1975,Canada
2332,5/27/2015,T5H,1,529.725,Canada
659,5/27/2015,V6S,1,1469.9475,Canada
1182,5/27/2015,T6H,1,209.9475,Canada
782,8/10/2014,V6R,1,108.6225,Canada
2389,8/6/2014,V6H,1,870.45,Canada
2060,7/31/2014,T6E,1,383.1975,Canada
2254,7/31/2014,V6J,1,57.6975,Canada
1766,7/31/2014,T5L,1,734.9475,Canada
1837,7/31/2014,T6E,1,162.6975,Canada
2073,7/31/2014,T6G,1,377.9475,Canada
3,9/12/2014,T6J,1,879.375,Canada
2368,9/14/2014,T5L,1,723.975,Canada
487,9/14/2014,V6A,1,1102.4475,Canada
556,9/14/2014,T5G,1,855.6975,Canada
487,9/14/2014,T6G,1,1102.4475,Canada
781,9/14/2014,V5T,1,108.6225,Canada
604,8/22/2014,V6S,1,524.9475,Canada
761,8/22/2014,R2G,1,191.5725,Canada
1182,8/24/2014,V5X,1,209.9475,Canada
2369,8/6/2014,V7Y,1,424.725,Canada
438,8/6/2014,T6T,1,960.4875,Canada
1226,8/6/2014,V5V,1,561.6975,Canada
2076,8/6/2014,V6G,1,703.4475,Canada
438,8/7/2014,T5L,1,997.4475,Canada
2087,8/7/2014,T6J,1,724.4475,Canada
2393,8/1/2014,V5Z,1,110.1975,Canada
782,8/3/2014,V6G,1,108.6225,Canada
1935,8/31/2014,T5E,1,136.4475,Canada
2381,8/25/2014,T2C,1,635.1975,Canada
1987,8/25/2014,V6A,1,162.6975,Canada
2138,8/25/2014,T2J,1,461.9475,Canada
426,8/25/2014,T1Y,1,976.4475,Canada
487,8/25/2014,T6J,1,1102.4475,Canada
585,8/25/2014,T5B,1,419.9475,Canada
206,8/26/2014,T2J,1,950.1975,Canada
791,8/14/2014,V6Z,1,70.8225,Canada
1134,8/14/2014,T6E,1,881.9475,Canada
253,8/15/2014,R2C,1,734.7375,Canada
636,8/15/2014,T6A,1,926.5725,Canada
400,8/15/2014,V6B,1,892.4475,Canada
2395,8/17/2014,V7W,1,157.4475,Canada
400,8/17/2014,V6S,1,892.4475,Canada
491,4/19/2015,V6E,1,892.4475,Canada
1129,4/19/2015,V5V,1,461.9475,Canada
604,4/19/2015,V5X,1,524.9475,Canada
945,4/19/2015,T5Y,1,682.4475,Canada
1343,4/19/2015,V5V,2,734.79,Canada
1129,4/19/2015,V6H,1,461.9475,Canada
1995,3/22/2015,V5Z,1,446.1975,Canada
407,3/26/2015,T6T,1,1708.8225,Canada
491,3/26/2015,T6T,1,892.4475,Canada
974,4/30/2015,T3B,1,669.3225,Canada
1191,4/30/2015,V6L,1,288.6975,Canada
2098,4/30/2015,V6G,1,325.4475,Canada
200,5/1/2015,T5J,1,1286.1975,Canada
2361,6/8/2015,T3G,1,618.975,Canada
1912,6/8/2015,V5V,1,330.6975,Canada
1191,6/9/2015,V5V,1,288.6975,Canada
1077,6/9/2015,T6C,1,341.1975,Canada
2055,6/9/2015,T2X,1,656.1975,Canada
1078,6/9/2015,T6C,1,341.1975,Canada
794,6/10/2015,R2G,1,89.1975,Canada
506,6/10/2015,V6S,1,1296.6975,Canada
676,6/10/2015,T5B,1,761.1975,Canada
793,6/10/2015,R2G,1,89.1975,Canada
993,6/11/2015,T1Y,1,367.4475,Canada
676,5/15/2015,V5V,1,761.1975,Canada
478,4/12/2015,V7W,1,1417.4475,Canada
2332,4/12/2015,V7Y,1,534.975,Canada
1182,4/13/2015,V6H,1,225.6975,Canada
407,4/13/2015,T6T,1,1708.8225,Canada
545,3/22/2015,V6J,1,902.9475,Canada
1347,3/22/2015,T5Z,1,346.395,Canada
2269,3/22/2015,T6G,1,366.975,Canada
996,3/22/2015,T6E,1,729.6975,Canada
1175,3/22/2015,T3G,1,703.4475,Canada
506,3/23/2015,T6E,1,1296.6975,Canada
244,3/23/2015,R2G,1,629.7375,Canada
959,3/26/2015,T3C,1,863.5725,Canada
2262,3/26/2015,T6W,1,351.6975,Canada
2225,3/27/2015,T6J,1,68.1975,Canada
945,5/15/2015,V5Z,1,682.4475,Canada
1875,5/17/2015,T6S,1,1076.1975,Canada
2277,6/15/2015,T5K,1,319.725,Canada
438,6/15/2015,V6R,1,997.4475,Canada
963,6/16/2015,V6G,1,419.9475,Canada
993,6/16/2015,T6G,1,383.1975,Canada
1129,6/16/2015,T6E,1,485.5725,Canada
604,6/16/2015,R2C,1,524.9475,Canada
496,6/17/2015,T5L,1,944.9475,Canada
942,6/17/2015,T5W,1,614.1975,Canada
438,6/3/2015,R2L,1,997.4475,Canada
604,6/11/2015,T3G,1,524.9475,Canada
520,6/11/2015,T2C,1,613.9875,Canada
1182,6/28/2015,V7Y,1,209.9475,Canada
1319,6/28/2015,V6H,1,414.645,Canada
406,6/28/2015,T6W,1,1916.1975,Canada
907,6/28/2015,T5K,1,656.1975,Canada
1142,6/28/2015,T5X,1,677.1975,Canada
2055,6/28/2015,V6H,1,656.1975,Canada
792,12/15/2014,V6M,1,70.8225,Canada
457,12/15/2014,T6V,1,997.4475,Canada
791,11/13/2014,T1Y,1,70.8225,Canada
792,11/13/2014,T1Y,1,70.8225,Canada
2045,11/13/2014,V5V,1,514.4475,Canada
1086,12/17/2014,V6C,1,102.3225,Canada
2045,12/17/2014,T2X,1,493.4475,Canada
2207,12/18/2014,T2L,1,97.0725,Canada
826,2/25/2015,V6T,1,1102.4475,Canada
2055,2/25/2015,T5B,1,656.1975,Canada
2199,6/26/2015,T6N,1,204.6975,Canada
778,6/26/2015,T2P,1,128.5725,Canada
609,4/24/2015,V5Z,1,839.9475,Canada
676,4/24/2015,T6G,1,761.1975,Canada
2275,4/24/2015,T2C,1,388.4475,Canada
676,6/14/2015,T6G,1,761.1975,Canada
487,6/14/2015,V5V,1,1102.4475,Canada
438,4/25/2015,T3G,1,997.4475,Canada
433,4/25/2015,T2C,1,997.4475,Canada
690,4/25/2015,T2C,1,367.4475,Canada
1191,4/26/2015,T6S,1,288.6975,Canada
1085,4/26/2015,V6C,1,118.0725,Canada
1844,4/26/2015,V5M,1,167.9475,Canada
939,6/15/2015,V7G,1,383.1975,Canada
2354,6/15/2015,T5K,1,388.4475,Canada
1145,6/15/2015,V6M,1,335.9475,Canada
609,4/26/2015,V7Y,1,839.9475,Canada
440,4/26/2015,T2C,1,1627.4475,Canada
1086,4/26/2015,V6C,1,118.0725,Canada
676,5/24/2015,V6E,1,761.1975,Canada
676,5/20/2015,T1Y,1,761.1975,Canada
2395,5/20/2015,T5X,1,157.4475,Canada
993,5/20/2015,V6S,1,383.1975,Canada
577,5/20/2015,T2L,1,1023.6975,Canada
699,5/20/2015,T6J,1,238.8225,Canada
1129,5/11/2015,V7W,1,461.9475,Canada
457,3/4/2015,T6G,1,997.4475,Canada
927,3/5/2015,V6G,1,514.4475,Canada
487,3/5/2015,R2C,1,1102.4475,Canada
415,2/10/2015,T6G,1,958.0725,Canada
1703,2/10/2015,V6T,1,107.5725,Canada
1050,4/20/2015,T5Y,1,278.1975,Canada
1524,4/12/2015,V6S,1,367.395,Canada
615,4/5/2015,T5H,1,682.4475,Canada
1348,3/22/2015,T5Z,1,346.395,Canada
1391,3/22/2015,T3G,1,194.145,Canada
1392,3/22/2015,T3G,1,194.145,Canada
1212,6/17/2015,T1Y,1,404.1975,Canada
491,6/18/2015,T6R,1,892.4475,Canada
2369,6/18/2015,T2E,1,424.725,Canada
1722,6/18/2015,V6R,1,83.9475,Canada
2269,6/12/2015,T2X,1,372.225,Canada
2396,6/12/2015,T5J,1,120.225,Canada
626,6/13/2015,T6R,1,1417.4475,Canada
2054,6/14/2015,T2Y,1,640.4475,Canada
491,6/14/2015,V5V,1,892.4475,Canada
549,6/14/2015,V5N,1,551.1975,Canada
407,6/14/2015,V5Z,1,1708.8225,Canada
567,6/14/2015,V7Y,1,876.6975,Canada
1062,6/30/2015,T5H,1,157.4475,Canada
1085,6/30/2015,T5H,1,91.8225,Canada
1879,6/30/2015,T2J,1,944.9475,Canada
2277,6/30/2015,V6A,1,304.4475,Canada
1722,6/30/2015,V6T,1,86.5725,Canada
1086,6/30/2015,T5H,1,91.8225,Canada
1707,6/30/2015,V6S,1,125.9475,Canada
1129,5/28/2015,L5P,1,454.0725,Canada
2336,4/22/2015,H1B,1,797.475,Canada
183,4/22/2015,L5R,1,724.5,Canada
1085,3/30/2015,M4P,1,118.0725,Canada
993,4/22/2015,M7Y,1,383.1975,Canada
604,4/23/2015,M5R,1,524.9475,Canada
939,5/27/2015,M4V,1,383.1975,Canada
1145,5/27/2015,M6H,1,335.9475,Canada
295,5/27/2015,M6H,1,1049.7375,Canada
1191,5/27/2015,M6H,1,288.6975,Canada
400,7/31/2014,H1B,1,892.4475,Canada
965,12/10/2014,R3G,1,524.9475,Canada
548,3/31/2015,K1N,1,519.6975,Canada
2206,7/7/2014,L5R,2,194.145,Canada
1508,7/8/2014,K1Z,1,94.395,Canada
1175,7/8/2014,R3N,1,650.9475,Canada
1114,9/10/2014,M6S,1,173.1975,Canada
782,9/11/2014,L5N,1,108.6225,Canada
1019,8/20/2014,L5N,1,236.1975,Canada
2393,8/20/2014,R3T,1,110.1975,Canada
2061,8/20/2014,H1B,1,367.4475,Canada
487,8/21/2014,L5P,1,1102.4475,Canada
965,8/21/2014,H2Y,1,509.1975,Canada
1496,8/21/2014,K1P,1,419.895,Canada
1495,8/21/2014,K1P,1,419.895,Canada
2091,7/28/2014,M6H,1,183.6975,Canada
523,7/29/2014,M6S,1,550.9875,Canada
604,7/29/2014,L5N,1,524.9475,Canada
1085,7/29/2014,L5R,1,102.3225,Canada
2084,7/31/2014,L5P,1,666.6975,Canada
2355,7/31/2014,H2Y,1,624.6975,Canada
781,9/11/2014,L5N,1,108.6225,Canada
1212,9/11/2014,M4V,1,425.1975,Canada
2093,9/11/2014,L5P,1,446.1975,Canada
1707,8/21/2014,M6H,1,125.9475,Canada
1078,3/31/2015,L5T,1,351.6975,Canada
2396,3/25/2015,L5T,1,115.4475,Canada
578,3/25/2015,R2Y,1,787.4475,Canada
939,3/25/2015,M6G,1,383.1975,Canada
615,1/28/2015,R3V,1,682.4475,Canada
580,1/28/2015,R3V,1,834.4875,Canada
1050,1/28/2015,M6G,1,278.1975,Canada
1145,1/28/2015,L5N,1,335.9475,Canada
1916,1/28/2015,H1B,1,299.1975,Canada
1182,1/29/2015,K1R,1,215.1975,Canada
1142,1/29/2015,L5G,1,703.4475,Canada
690,1/29/2015,R3K,1,367.4475,Canada
412,1/29/2015,M6G,1,1627.4475,Canada
781,12/11/2014,M6J,1,110.1975,Canada
2275,12/11/2014,M4Y,1,377.9475,Canada
782,12/11/2014,M6J,1,110.1975,Canada
2354,7/29/2014,L5P,1,388.4475,Canada
2365,7/29/2014,L5N,1,529.725,Canada
1086,7/29/2014,L5R,1,102.3225,Canada
939,7/29/2014,L5N,1,367.4475,Canada
995,7/29/2014,H1B,1,598.4475,Canada
1000,7/29/2014,M4Y,1,112.8225,Canada
676,8/10/2014,M6G,1,761.1975,Canada
487,8/6/2014,R3G,1,1102.4475,Canada
2064,7/31/2014,L5N,1,577.4475,Canada
491,7/31/2014,L5P,1,944.9475,Canada
2238,7/31/2014,M4N,1,131.1975,Canada
2275,9/12/2014,M5B,1,377.9475,Canada
438,9/12/2014,R3G,1,997.4475,Canada
478,9/12/2014,R3E,1,1417.4475,Canada
496,9/12/2014,M4Y,1,928.9875,Canada
1722,9/12/2014,K1N,1,86.5725,Canada
457,9/13/2014,L5G,1,997.4475,Canada
487,9/13/2014,R3V,1,1102.4475,Canada
1129,9/14/2014,M4E,1,461.9475,Canada
1722,9/14/2014,K1A,1,86.5725,Canada
1995,9/14/2014,M5X,1,446.1975,Canada
590,8/22/2014,M4P,1,892.4475,Canada
596,8/23/2014,L5R,1,766.2375,Canada
762,8/24/2014,R3X,1,191.5725,Canada
1182,8/24/2014,R3W,1,209.9475,Canada
761,8/24/2014,R3X,1,191.5725,Canada
578,8/6/2014,M4E,1,787.4475,Canada
702,8/7/2014,M4P,1,312.3225,Canada
1059,8/7/2014,M4V,1,157.4475,Canada
1060,8/7/2014,M4V,1,157.4475,Canada
1855,8/1/2014,M6H,1,241.4475,Canada
407,8/2/2014,K1R,1,1708.8225,Canada
650,8/2/2014,M6S,1,514.4475,Canada
240,8/3/2014,K1R,1,460.6875,Canada
487,8/25/2014,M6G,1,1102.4475,Canada
674,8/25/2014,M6H,1,692.9475,Canada
2133,8/25/2014,K2P,1,456.6975,Canada
491,8/25/2014,M4S,1,944.9475,Canada
676,8/25/2014,M5L,1,761.1975,Canada
1175,8/14/2014,M5E,1,635.1975,Canada
907,8/15/2014,M6G,1,608.9475,Canada
985,8/15/2014,K1R,1,763.8225,Canada
506,8/15/2014,R3M,1,1296.6975,Canada
438,8/15/2014,R3G,1,997.4475,Canada
400,8/16/2014,H1B,1,892.4475,Canada
1115,4/19/2015,R3L,1,367.4475,Canada
615,4/19/2015,M6H,1,682.4475,Canada
1005,4/19/2015,L5T,1,125.9475,Canada
1182,4/19/2015,M4E,1,236.1975,Canada
438,4/19/2015,M6G,1,997.4475,Canada
1217,4/19/2015,L5R,1,582.6975,Canada
506,4/19/2015,K1M,1,1296.6975,Canada
2332,3/22/2015,R3H,1,534.975,Canada
939,4/30/2015,M5X,1,383.1975,Canada
2332,4/30/2015,R3V,1,534.975,Canada
2064,6/8/2015,M6H,1,577.4475,Canada
2015,6/8/2015,M6H,1,341.1975,Canada
457,6/8/2015,L5T,1,997.4475,Canada
491,6/9/2015,M4N,1,892.4475,Canada
1182,6/9/2015,R3V,1,225.6975,Canada
2350,6/9/2015,R3G,1,372.225,Canada
2133,6/9/2015,L5G,1,456.6975,Canada
2354,6/9/2015,H1B,1,388.4475,Canada
2269,6/10/2015,R3B,1,349.0725,Canada
977,6/10/2015,R2W,1,524.9475,Canada
674,6/10/2015,M6G,1,682.4475,Canada
548,5/15/2015,M4E,1,519.6975,Canada
1129,3/22/2015,H1G,1,461.9475,Canada
1180,3/22/2015,L5N,2,1039.395,Canada
438,3/23/2015,L4Y,1,997.4475,Canada
1959,3/23/2015,M4X,1,78.6975,Canada
995,3/26/2015,R3R,1,598.4475,Canada
907,3/27/2015,L5R,1,608.9475,Canada
977,3/27/2015,M5X,1,503.9475,Canada
2332,3/27/2015,L5N,1,488.1975,Canada
659,5/16/2015,H1G,1,1469.9475,Canada
2084,4/28/2015,M5P,1,687.6975,Canada
487,4/28/2015,M6H,1,1102.4475,Canada
993,4/28/2015,R3V,2,750.645,Canada
1180,4/29/2015,L5P,1,514.4475,Canada
1175,6/15/2015,M6G,1,650.9475,Canada
2331,6/15/2015,L5T,1,655.725,Canada
2055,6/16/2015,M7Y,1,656.1975,Canada
926,6/16/2015,R3V,1,566.9475,Canada
945,6/16/2015,R3T,1,682.4475,Canada
26,6/28/2015,L5G,1,774.375,Canada
1077,6/28/2015,M4E,1,351.6975,Canada
1809,4/25/2015,L5R,1,230.9475,Canada
520,4/25/2015,R3E,1,613.9875,Canada
1077,4/26/2015,M4N,1,351.6975,Canada
590,4/26/2015,R3C,1,892.4475,Canada
1115,4/26/2015,M6H,1,367.4475,Canada
1114,4/26/2015,M4N,1,183.6975,Canada
1114,4/26/2015,M7Y,1,202.0725,Canada
1078,4/26/2015,M4N,1,351.6975,Canada
2087,6/15/2015,M4E,1,724.4475,Canada
615,4/27/2015,K1N,1,682.4475,Canada
1343,5/24/2015,M7Y,1,367.395,Canada
1826,5/24/2015,L5R,1,220.4475,Canada
1809,5/24/2015,L5R,2,461.895,Canada
1714,5/20/2015,K1H,1,104.9475,Canada
1667,5/11/2015,R3H,1,367.4475,Canada
1053,3/4/2015,M5L,1,293.9475,Canada
1140,3/4/2015,L5P,1,797.9475,Canada
440,3/5/2015,M4Y,1,1627.4475,Canada
2239,3/5/2015,K1N,1,136.4475,Canada
2238,3/5/2015,K1N,1,136.4475,Canada
2197,3/5/2015,K1R,1,238.8225,Canada
615,2/10/2015,M4P,1,682.4475,Canada
1182,2/10/2015,R3V,1,225.6975,Canada
993,4/17/2015,R3H,1,367.4475,Canada
1145,4/12/2015,K1R,1,335.9475,Canada
826,4/12/2015,K1R,1,1160.1975,Canada
438,4/12/2015,M5L,1,997.4475,Canada
578,4/12/2015,M7Y,1,787.4475,Canada
927,4/12/2015,L5G,1,514.4475,Canada
1347,4/12/2015,K2P,1,346.395,Canada
2054,3/22/2015,H1B,1,603.6975,Canada
2334,3/22/2015,L5N,1,382.725,Canada
689,3/22/2015,R3G,1,209.7375,Canada
778,6/17/2015,R3G,1,128.5725,Canada
1145,6/18/2015,M6G,1,335.9475,Canada
506,6/18/2015,R3H,1,1296.6975,Canada
2269,6/18/2015,R3V,1,372.225,Canada
491,6/19/2015,M5P,1,892.4475,Canada
415,6/19/2015,L5P,1,892.4475,Canada
2295,6/19/2015,L5N,1,908.1975,Canada
927,6/12/2015,L5N,1,514.4475,Canada
826,6/12/2015,R3H,1,1202.1975,Canada
939,6/12/2015,L5N,1,383.1975,Canada
609,6/13/2015,H1B,1,839.9475,Canada
1183,6/14/2015,L5N,1,606.3225,Canada
676,6/14/2015,M6S,1,761.1975,Canada
2365,6/29/2015,R3G,1,529.725,Canada
782,6/30/2015,L4X,1,108.6225,Canada
1009,6/30/2015,L5T,1,112.8225,Canada
2091,6/30/2015,L5N,1,183.6975,Canada
2186,6/30/2015,K1R,1,456.6975,Canada
993,6/30/2015,K1R,1,383.1975,Canada
1171,6/30/2015,R3E,1,356.9475,Canada
